2920 3800
1314 241 1621 290 —4„„,

332 375 388 417 A.
420 373 636 418 vocabulo
665 368 798 430 λίμνη
828 371 976 417 addita
1004 380 1089 430 est,
1118 365 1206 420 non
1235 383 1305 421 est
1334 379 1489 421 leviter
1517 373 1773 433 abjicienda*
1802 390 1982 434 prorsus
2009 377 2122 420 enim
2152 377 2312 420 nullam
2328 377 2462 424 video
2485 392 2596 424 cau-

334 465 446 507 sam,
485 465 574 510 qua
600 460 748 496 motus
776 452 974 497 librarius
1013 466 1110 497 eam
1148 453 1370 498 addiderit.
1428 455 1529 499 Hoc
1555 454 1846 499 Ruhnkenius
1867 455 1960 512 ,iam
1987 453 2170 499 videtur
2186 457 2481 512 perspexisse,
2521 459 2606 513 qui.

329 530 476 586 posuit
513 531 737 589 genitivos
777 526 940 588 λίμνης
987 528 1204 591 ῥυομένης
1238 529 1394 591 χεῦμα
1431 533 1546 590 (qua
1580 534 1821 577 mutatione
1847 546 1935 577 non
1964 545 2092 590 opus
2104 535 2213 589 est).
2273 532 2418 589 Quum
2447 543 2592 580 autem

329 608 511 652 verbum
542 604 720 667 ῥύεσθαι
748 610 851 654 ferri
890 624 976 654 non
1003 613 1165 666 possit,
1202 611 1450 668 conjunctis
1490 611 1669 655 duorum
1698 613 1886 655 virorum
1917 613 2178 669 conjecturis
2208 614 2398 696 seribere
2425 614 2591 669 placet.

1194 687 1353 748 λίμνης
1384 686 1473 732 δ”
1450 706 1518 734 επι
1547 687 1719 750 μακρδν
1747 687 1880 733 does?
2401 705 2403 708 ⁴

895 765 1036 828 ῥεῦμα
1067 765 1160 811 διὲκ
1188 766 1396 826 μεγάλων
1426 766 1669 826 συρομένης
1700 763 1906 812 δονάκων.

499 858 544 887 v.
574 846 606 888 8
643 847 797 890 verbis'
828 845 1072 894 παντοίους
1101 844 1138 889 δ’
1169 844 1413 903 ἐξανέπεισε
1449 843 1587 893 θεους
1622 848 1720 904 jure
1758 842 1915 890 offensi
1956 854 2060 890 sunt
2095 849 2178 890 viri
2207 846 2347 903 docti3
2386 850 2447 891 illi
2477 850 2590 890 enim

327 918 424 964 θεοὶ
453 923 658 966 παντοῖοι
686 926 761 981 qui
789 926 960 979 fuerint,
976 919 1116 969 vnenio
1147 925 1292 969 dicere
1308 933 1468 982 potest,
1495 939 1606 978 nam,
1638 929 1737 969 sive
1765 927 1981 981 explicas:
2011 925 2082 967 nii
2110 927 2221 968 varii
2247 928 2421 983 generis
2439 934 2484 969 et
2499 916 2591 968 ior-

322 1013 437 1056 mae,
468 1002 685 1058 quomodo
714 1005 923 1062 ligemus,
954 1006 1074 1048 sive:
1105 1005 1175 1048 Dii
1197 996 1427 1062 omnigeni,
1460 997 1675 1061 quomodo
1695 1004 2071 1057 Schneidewinus,
2102 1005 2176 1060 qui
2204 1006 2305 1055 sint,
2337 1019 2424 1049 non
2455 1019 2590 1061 appa-

325 1087 414 1136 mt3
455 1094 540 1140 nee
567 1088 758 1137 possunt
796 1083 884 1126 boo
911 1084 1009 1126 loco
1030 1075 1221 1141 >intelligi
1249 1077 1438 1141 μεγάλοι
1481 1077 1687 1131 ἄνακτες,
1728 1086 1800 1141 qui
1837 1097 1880 1126 v.
1924 1083 1993 1127 13.
2024 1090 2421 1137 commemorantur,
2459 1097 2589 1140 quum

328 1174 415 1202 non
444 1159 651 1203 credibile
679 1162 754 1216 sit,
782 1168 958 1221 poetam
987 1162 1057 1204 bis
1088 1161 1241 1204 eadem
1270 1163 1451 1206 dixisse.
1509 1165 1695 1206 Accedit
1722 1162 1838 1219 quod
1861 1164 1991 1205 etiam
2005 1162 2183 1204 verbum
2213 1156 2456 1214 ἐξανέπεισε
2485 1175 2589 1204 sen-

274 1283 285 1287 ,
321 1239 484 1282 tentiae
522 1239 654 1296 hujus
691 1241 778 1283 loci
813 1253 902 1283 non
936 1243 1156 1295 convenit,
1195 1243 1304 1285 solis
1343 1243 1457 1285 enim
1493 1243 1666 1299 magnis
1713 1240 1798 1284 diis
1837 1240 2030 1293 internis,
2070 1241 2114 1282 in
2152 1252 2331 1295 quorum
2369 1247 2590 1295 potestate

322 1330 431 1361 uxor
467 1324 585 1372 erat,
629 1330 784 1362 amans
828 1319 1008 1362 maritus
1057 1326 1121 1362 et=
1145 1327 1314 1376 poterat
1359 1328 1403 1363 et
1448 1320 1634 1363 debebat
1664 1318 1954 1375 [persuadere
1992 1325 2041 1362 ut
2077 1309 2303 1361 redderent
2338 1319 2438 1362 sibi·
2457 1320 2588 1376 Agri-

321 1408 447 1450 open.
505 1397 609 1439 Jam
636 1397 911 1440 Hei-mannus
939 1410 1017 1453 pro
1047 1393 1293 1454 ἐξανέπεισε
1329 1397 1515 1454 conjecit
1551 1393 1822 1454 ἔξανὲλισσε,
1869 1398 1913 1440 in
1953 1409 2038 1454 quo
2066 1397 2200 1440 verbo
2231 1396 2474 1440 celebrandi
2503 1410 2588 1440 no-

322 1475 483 1516 tionem
502 1475 652 1517 inesse
672 1475 778 1518 dicit
798 1477 1035 1532 statuitque
1064 1476 1312 1533 „Orpheum
1329 1477 1517 1519 omnium
1545 1468 1905 1519 laudesffldeo'mni
1923 1465 2189 1529 celebrasse,
2218 1489 2245 1519 a
2274 1476 2430 1532 quibus
2460 1488 2588 1519 orsus

320 1548 466 1604 (ἔνθεν
504 1549 708 1595 ἀοιδιάων
743 1567 788 1596 v.
831 1554 912 1609 13)
949 1555 1142 1598 infernos
1181 1555 1291 1597 deos
1331 1554 1659 1610 permulserit‘ff
1698 1556 1807 1596 'Hoc
1822 1562 1827 1569 ’
1845 1555 2007 1596 autem·
2026 1555 2226 1596 verbum.
2244 1555 2309 1596 ab·
2338 1554 2586 1596 Hermanno

318 1633 542 1673 inventum
573 1639 618 1673 et
646 1633 709 1674 ita
738 1640 1031 1689 comparatum
1063 1641 1149 1689 est,
1178 1641 1228 1675 ut
1254 1635 1332 1676 vix
1361 1633 1505 1690 possit
1532 1633 1715 1687 probari.
1774 1627 2007 1675 Praeterea
2022 1626 2273 1687 particulam
2286 1626 2424 1677 ἔνθεν.
2455 1628 2584 1686 «ιἰιιιω

319 1715 502 1764 quatuor
528 1710 795 1765 praecedant
820 1724 993 1766 versus,
1023 1713 1067 1754 in
1098 1712 1254 1769 quibus
1292 1713 1447 1755 iterum
1483 1711 1538 1754 de
1567 1704 1800 1754 terroribus
1830 1710 1933 1753 Orci
1963 1711 2132 1768 agitur,‘
2149 1709 2413 1757 adverbum
2442 1705 2585 1766 ἑξανέ·

320 1782 442 1830 λισσε
476 1788 636 1831 referre
674 1789 806 1832 valde
843 1789 1005 1833 dubito.
1065 1792 1164 1834 Alia
1192 1792 1359 1833 ratione
1394 1785 1620 1847 Bergkius¹
1649 1784 1766 1833 bunc
1803 1780 1947 1832 locum
1988 1790 2216 1842 'correxit;⁴
2245 1790 2426 1844 probata
2472 1791 2585 1831 enim

316 1867 597 1910 Valckenarii
635 1868 886 1924 conjectura
914 1867 1127 1916 α’νταίους
1156 1862 1340 1926 scripsit
1360 1868 1571 1925 ανταίους
1609 1863 1914 1931 &iffa-baca
1931 1862 2068 1913 θεούς
2102 1870 2138 1910 ἰ.-
2163 1883 2199 1910 e.
2232 1869 2444 1911 adversos
2476 1869 2584 1911 deos

313 1947 556 2002 permulsit.
613 1949 676 1991 At
703 1963 847 1992 nemo¹
861 1951 947 1993 nisi
976 1949 1295 1997 adnotationem
1327 1951 1424 2005 ejus
1453 1952 1711 2007 perlegerit,.
1728 1952 1841 1991 istos
1863 1944 2077 1993 α’νταίους
2093 1942 2230 1993 θεοὺς
2257 1954 2451 1990 monstra
2479 1960 2585 1989 esse

312 2025 539 2082 intelliget,
580 2040 694 2081 quae
719 2028 943 2085 Vergilius
971 2030 1082 2084 Aen.
1118 2031 1214 2083 Vl„
1231 2029 1320 2072 273
1356 2042 1451 2084 sqq.
1491 2022 1729 2082 enumerat,
1768 2027 2174 2081 sed=·unusquisque
2209 2033 2383 2080 poetam
2417 2026 2585 2080 putabit

312 2102 369 2145 de
395 2105 453 2147 iis
484 2104 568 2148 diis
598 2107 836 2162 cogitasse,
869 2109 943 2162 qui
973 2108 1149 2162 Orpheo
1179 2122 1356 2150 uxorem
1385 2108 1615 2162 eripuerint
1645 2106 1921 2161 eamque'ob2
1939 2118 2029 2152 rem
2041 2108 2165 2146 'recte
2181 2103 2377 2146 dicantur
2396 2103 2582 2146 adversi.

314 2183 469 2238 Itaque
487 2189 531 2226 et
543 2184 612 2228 sic
628 2192 762 2240 poeta
779 2185 961 2230 eandem
981 2199 1073 2230 rem
1090 2187 1159 2230 bis
1180 2193 1501 2236 commemorat,
1540 2185 1654 2242 quod
1671 2184 1995 2228 concedendum
2015 2196 2120 2226 esse
2134 2182 2225 2238 jam
2248 2195 2379 2236 supra
2410 2184 2582 2239 negavi.

311 2262 382 2304 Ac
408 2268 634 2316 praeterea
662 2265 735 2306 isti
763 2265 835 2306 Dii
868 2251 1165 2319 „vestibulum
1196 2256 1303 2306 ante
1333 2266 1477 2318 ipsum
1492 2281 1498 2291 ¹
1505 2266 1738 2320 primisque
1772 2266 1815 2306 in
1846 2264 2046 2305 faucibus
2076 2262 2206 2304 Orci“
2235 2267 2368 2313 erant,
2399 2267 2529 2315 atque
2558 2273 2584 2301 a

266 2394 283 2411 t
309 2340 502 2397 Bergkio
533 2341 705 2384 demum
741 2343 795 2384 ad
833 2341 991 2385 undam
1037 2343 1211 2398 paludis
1249 2345 1436 2400 Stygiae
1475 2346 1547 2385 vel
1584 2345 1853 2386 Acherusiae
1900 2342 2074 2384 adducti
2123 2347 2265 2382 sunt.·
2294 2336 2450 2394 Neque
2479 2352 2583 2379 vero

310 2420 590 2463 Hermannus
625 2435 767 2477 neque
802 2424 1019 2484 Bergkius
1057 2423 1258 2465 videntur
1297 2414 1408 2464 satis
1446 2425 1715 2479 respexisse,
1761 2422 1879 2478 quid·
1900 2421 2156 2463 narrationis
2194 2419 2459 2474 perpetuitas
2498 2418 2584 2475 boc

309 2500 408 2541 loco
436 2502 688 2556 requireret,
726 2515 868 2557 neque
895 2504 1119 2560 cogitasse
1149 2503 1367 2558 Orpheum
1397 2503 1481 2544 nisi
1511 2504 1669 2559 cymba
1687 2502 1920 2545 Charontis
1947 2502 1990 2542 in
2015 2501 2159 2555 ipsum
2179 2499 2339 2541 Orcum
2356 2498 2582 2551 pervenire

310 2591 395 2620 non
433 2580 641 2635 potuisse
678 2580 736 2623 cf.
774 2583 883 2624 Luc.
921 2583 977 2626 de
1012 2584 1116 2626 luct.
1145 2583 1189 2625 3.
1228 2578 1252 2640 ἣ
1284 2579 1549 2639 ’Δχερουσία
1585 2578 1716 2640 λίμνη
1756 2577 1981 2640 πρόκειται
2011 2574 2164 2637 πρώτη
2205 2573 2423 2635 δεχομένη
2468 2571 2581 2620 τοὺς

310 2654 615 2705 ἀπαντῶντας,
657 2653 708 2714 ἣν
747 2651 831 2701 οὐκ
871 2656 929 2702 ἔνι
968 2658 1222 2704 διαπλεῦσαι
1260 2656 1285 2716 ἢ
1316 2656 1550 2716 παρελθεῖν
1590 2655 1689 2702 ἄνευ
1729 2659 1814 2702 τοῦ
1855 2657 2104 2717 πορθμέως.
2147 2660 2265 2700 ,Ηοο
2301 2658 2412 2698 enim
2450 2662 2582 2709 poeta

311 2735 436 2779 dicit:
475 2736 595 2780 Vidit
631 2739 704 2781 vel
744 2740 867 2782 venit
904 2740 949 2782 in
978 2740 1195 2782 inimicum
1225 2740 1499 2794 invisumque
1530 2741 1684 2791 locum,
1712 2738 1802 2780 ‘ubi
1832 2736 2005 2780 Charon
2036 2737 2278 2780 caeruleam
2306 2736 2351 2778 in
2381 2735 2579 2790 cymbam

310 2815 430 2872 cogit
445 2817 620 2861 animae
628 2804 929 2861 defunctorum
946 2808 1203 2873 paludisque
1226 2817 1341 2860 unda
1369 2831 1449 2872 per
1476 2819 1588 2861 altas
1619 2812 1849 2860 arundines
1868 2824 1996 2859 actae
2011 2812 2099 2858 late
2115 2815 2336 2870 obstrepit.
2374 2814 2434 2855 At
2452 2812 2580 2863 (nibil

306 2895 582 2949 perterritus]
612 2897 822 2939 sustinuit
862 2896 917 2938 ad
959 2895 1116 2939 undam
1154 2898 1278 2938 solus
1318 2897 1484 2939 cithara
1513 2908 1676 2938 canens
1706 2891 1921 2949 orpheus.
1981 2893 2096 2947 Quid
2120 2893 2209 2948 jam
2243 2891 2358 2935 aliud
2388 2892 2589 2947 positum

310 2987 414 3017 esse
442 2979 614 3030 poterat
639 2986 767 3030 quam
797 2975 1020 3031 Orpheum
1049 2988 1076 3017 a
1103 2975 1309 3030 portitore
1338 2976 1611 3030 impetrasse,
1642 2981 1689 3017 ut
1719 2968 2111 3025 se'transvehereu
2143 2985 2272 3027 quum
2301 2973 2344 3014 in
2373 2971 2579 3026 proximis

306 3053 509 3097 versibus
527 3052 584 3096 ad
602 3052 852 3110 Cerberum,
884 3055 958 3112 qui
973 3061 1094 3097 trans
1112 3053 1311 3111 Stygiam
1328 3053 1528 3110 paludem
1554 3060 1645 3096 erat
1677 3053 1759 3105 (cf.
1792 3055 1897 3095 Luc.
1929 3054 1955 3094 Ι.
1986 3065 2025 3094 c.
2057 3052 2189 3109 Verg.
2206 3053 2316 3094 Aen.
2347 3051 2425 3104 Vl,
2454 3049 2577 3100 41⁷.)

307 3132 476 3175 dicatur
503 3128 793 3188 pervenisse?
838 3134 888 3176 ld
917 3134 1003 3177 etsi
1033 3134 1310 3189 perspicuum
1341 3140 1412 3175 est
1441 3133 1525 3175 illis
1557 3133 1702 3174 verbis
1734 3146 1760 3174 a
1790 3139 1922 3187 poeta
1950 3130 2110 3173 dictum
2142 3143 2259 3183 esse,
2292 3142 2403 3185 quae
2433 3130 2500 3170 sic
2529 3134 2578 3169 ut

307 3213 378 3253 vel
407 3208 453 3254 in
481 3213 600 3255 libris
638 3194 806 3268 scripta
839 3214 914 3254 vel
949 3218 1117 3256 mutata
1146 3212 1258 3255 ‘sunt
1293 3210 1475 3270 intelligi
1511 3225 1598 3253 non
1628 3224 1765 3267 posse
1794 3218 1924 3253 antea
1953 3210 2259 3263 demonstravi,
2299 3207 2401 3251 illud
2431 3214 2576 3250 tamen

305 3291 514 3334 incertum
542 3299 637 3346 ¹est,
677 3292 895 3349 quomodo
925 3294 983 3336 sit
1010 3286 1354 3344 restituendum‚'
1377 3275 1508 3348 quum
1539 3291 1796 3334 violentior-e
1825 3290 2061 3333 mutatione
2091 3300 2202 3344 opus
2233 3301 2339 3332 csse
2365 3285 2575 3330 videatur.
