2920 3800
1320 186 1630 249 ...8-

292 344 297 349 ·
341 334 369 364 a
396 321 491 364 viro
522 321 792 387 amicissimo
821 322 1120 379 excogitatam
1148 323 1309 378 publici
1332 322 1444 378 Juris
1476 322 1647 375 faciam,
1679 323 1752 378 qui
1781 321 1883 366 illud
1911 314 2059 368 πάσας
2087 320 2133 368 'm
2159 318 2314 366 πείσας
2339 319 2536 377 mutavit,
2565 329 2616 367 ιιι.

336 400 425 448 hoc
452 398 616 441 diceret
644 405 794 454 poeta:
833 398 939 442 Inde
969 400 1042 443 ille
1071 400 1234 443 Boeam
1263 395 1459 443 imbiens
1487 400 1730 461 Ascraeam
1756 401 1893 444 malta
1929 406 2000 443 est
2036 410 2294 456 perpessus,
2339 412 2468 456 quam
2509 414 2608 446 cum

338 484 585 532 exorasset,
623 479 910 522 narrationum
947 480 1080 523 libros
1112 479 1372 533 conscripsit
1402 479 1592 521 carmina
1620 479 1680 521 ab
1706 477 1880 522 amatae
1905 479 2086 537 virginis
2115 478 2289 521 nomine
2316 491 2459 522 orsus.
2518 481 2609 523 De-

337 558 470 612 nique
506 555 691 599 mediam
730 556 914 601 formam
953 552 1242 612 ἀνεγράψατο
1289 568 1374 604 non
1417 562 1488 599 est
1527 569 1603 599 cur
1640 554 1871 600 Cobetium
1908 557 2051 601 secuti
2089 570 2266 612 prorsus
2303 557 2609 612 improbemus,

337 635 539 689 quamvis
586 640 750 676 certum
800 636 858 677 sit
899 636 1057 677 atticos
1102 635 1341 688 scriptores
1381 646 1467 676 nou
1505 635 1568 680 ita
1594 633 1802 677 dicturos
1843 633 1997 678 fuisse.
2056 636 2235 679 Multis
2234 636 2359 681 euim
2396 637 2610 690 exemplis

337 713 481 756 allatis
510 711 727 767 Bergkius
758 725 799 767 p.
829 714 900 757 27.
924 712 1138 767 probavit
1164 712 1570 755 Hermesianactem
1607 725 1742 767 saepe
1778 711 1875 754 sine
1913 713 2002 754 ulla
2039 726 2175 758 causa
2212 713 2354 757 media
2382 713 2610 756 verborum

339 791 477 833 forma
506 802 636 832 usum
667 803 789 845 esse,
819 792 891 834 ubi
920 792 1067 834 activa
1096 791 1243 844 potius
1273 797 1396 833 esset
1425 789 1637 844 ponenda.

514 882 558 910 v.
588 867 660 911 27.
692 876 737 912 et
767 869 838 912 28.
898 859 1038 914 ουτος
1069 864 1104 909 δ’
1137 856 1277 914 οὗτος
1306 864 1468 915 αόιδός,
1501 861 1550 911 ὃν
1579 864 1628 910 ἐκ
1661 864 1769 914 Διὸς
1798 860 1903 910 αἶσα
1933 864 2165 921 Φυλάσσει,

1078 940 1258 1003 ἥδιστον
1287 941 1464 991 πάντων
1495 943 1680 1002 δαίμονα
1710 942 1994 1003 μουσοπόλον

287 1058 303 1067 .
340 1029 384 1068 in
425 1026 467 1068 V
506 1026 558 1067 L.
594 1038 688 1078 pro,
712 1021 999 1080 μουσοπόλον
1035 1027 1245 1080 scriptum
1294 1032 1363 1067 est
1398 1021 1706 1082 μουσοπόλων.
1765 1027 1921 1081 Merito
1961 1033 2105 1068 tamen
2141 1028 2304 1082 primus
2326 1030 2613 1071 normannus

337 1108 380 1147 in
420 1086 634 1146 vocab’ulo
681 1099 866 1159 δαίμονα
907 1103 1103 1159 offendit,
1143 1105 1256 1160 quod
1292 1106 1390 1146 sive
1418 1104 1636 1158 adjective
1666 1106 1766 1146 sive
1793 1106 1977 1160 probata
2003 1106 2214 1160 scriptura
2243 1106 2476 1147 editionum
2504 1108 2549 1148 V
2578 1108 2614 1148 h

341 1183 617 1227 substantive
651 1184 842 1237 positum
882 1197 989 1226 esse
1017 1191 1235 1239 putamus,
1272 1197 1356 1226 non
1387 1189 1489 1238 apta
1518 1184 1695 1226 exsistit
1724 1186 1955 1227 sententia.
2013 1183 2122 1226 Illud
2152 1185 2267 1227 enim
2296 1185 2337 1227 si
2366 1186 2613 1238 statuimus,

339 1264 556 1325 Homerus
588 1261 742 1303 dicitur
771 1263 1067 1304 suavissimus
1098 1263 1283 1303 omnium
1313 1262 1479 1317 peritus
1510 1267 1652 1302 vates.
1710 1263 1771 1303 At
1800 1269 1849 1303 ut
1867 1269 2050 1315 taceam,
2080 1260 2196 1318 quod
2220 1261 2313 1317 jam
2327 1254 2615 1306 Ruhnkenius

340 1339 659 1392 animadvertit,
699 1353 786 1382 uon
817 1341 1049 1382 convenire
1077 1340 1266 1386 Homero
1298 1339 1517 1394 epitheton
1549 1332 1746 1396 ἥδιστος,
1791 1340 1973 1394 primum
2004 1339 2184 1383 offendit
2210 1339 2467 1397 asyndeton,
2500 1340 2615 1397 quod

340 1435 393 1464 eo
423 1421 567 1462 minus
609 1409 812 1462 excusari
840 1425 1005 1473 potest,
1046 1419 1245 1473 quoniam
1276 1419 1521 1475 ambigitur,
1564 1424 1703 1459 utrum
1736 1430 1833 1460 cum
1865 1412 2048 1474 ἥδιστος
2075 1432 2132 1462 an
2161 1431 2259 1462 oum
2289 1414 2474 1477 δᾳίμονα
2503 1433 2614 1463 con—

336 1498 588 1557 jungendus
605 1553 611 1563 ·
627 1498 688 1539 sit
724 1498 947 1554 genitivus
988 1492 1175 1540 πάντων.
1236 1496 1404 1538 Deinde
1445 1497 1578 1538 verba
1620 1493 1804 1554 δαίμονα
1834 1491 2012 1539 πάντων
2043 1497 2179 1550 (haec
2208 1499 2322 1544 euim
2352 1498 2616 1557 conjungere

335 1576 604 1634 praestaret)
645 1575 880 1618 admodum
906 1577 1057 1631 jejuna
1085 1576 1190 1617 mihi
1219 1574 1442 1628 videntum
1481 1576 1689 1631 denique,
1731 1577 1770 1617 si
1798 1576 1914 1617 hunc
1945 1589 2122 1618 versum
2153 1580 2325 1633 salvum
2364 1592 2470 1621 esse
2491 1578 2616 1634 judi-

337 1669 504 1707 camus,
545 1656 590 1696 in
619 1655 821 1709 sequenti
851 1661 998 1694 contra
1028 1653 1153 1695 codd.
1185 1654 1485 1695 auctoritatem
1517 1653 1702 1696 delenda
1733 1660 1803 1696 est
1829 1654 2041 1708 particula
2072 1651 2130 1696 δέ.
2190 1655 2308 1697 Idem
2337 1657 2414 1698 fiat
2428 1669 2617 1699 necesse

340 1743 424 1787 est,
463 1736 503 1776 si
532 1740 708 1788 poetam
740 1728 1034 1788 μουσοπόλων
1064 1734 1299 1786 scripsisse
1329 1739 1373 1773 et
1402 1734 1638 1774 Homerum
1669 1728 1979 1774 suavissimum
2020 1733 2206 1774 omnium
2233 1740 2456 1786 poetarum
2484 1735 2615 1776 deum

337 1815 411 1856 vel
448 1812 687 1867 principem
715 1812 964 1853 nominasse
993 1811 1258 1853 arbitramur.
1309 1811 1379 1852 Ac
1397 1819 1621 1865 praeterea
1638 1824 1764 1853 nemo
1784 1811 1963 1865 probare
1981 1816 2140 1864 potest,
2171 1811 2431 1854 vocabulum
2450 1809 2616 1870 δαίμων

338 1893 425 1933 hoc
463 1903 599 1933 sensu
639 1903 666 1930 a
695 1887 880 1932 Graecis
922 1902 1111 1945 unquam
1146 1902 1252 1931 esse
1281 1897 1558 1944 usurpatum,
1601 1890 1816 1943 exemplis
1847 1896 1989 1930 autem
2029 1903 2056 1930 e
2084 1889 2295 1931 Romanis
2331 1892 2616 1946 scriptoribus

338 1971 489 2025 petitis
513 1968 616 2011 nihil
632 1967 960 2022 demonstratur,
992 1981 1134 2024 neque
1155 1974 1257 2022 apte
1276 1975 1365 2010 tum
1395 1970 1439 2010 in
1458 1961 1956 2026 sequentibus‘Upuypos
1972 1967 2098 2013 ,θεῖος
2113 1967 2255 2011 dictus
2274 1962 2419 2011 esset.
2466 1971 2616 2026 Itaque

338 2062 468 2103 quum
506 2053 659 2089 neutra
696 2046 827 2101 hujus
865 2047 949 2088 loci
991 2046 1240 2100 explicandi
1271 2049 1378 2089 ratio
1412 2048 1510 2088 ferri
1540 2060 1678 2102 posse
1709 2046 1927 2098 videatur,
1971 2045 2219 2100 conjectura
2248 2060 2403 2089 versus
2435 2056 2504 2091 est
2534 2063 2615 2091 sa-

339 2127 521 2178 nandus,
553 2140 607 2176 ac
638 2121 896 2168 felicissime
927 2125 1142 2167 Cobetius
1173 2126 1363 2180 conjecit
1392 2126 1664 2167 scribendum
1696 2139 1800 2166 esse
2071 2113 2076 2118 ⁸

1001 2198 1091 2263 ἤδει
1121 2202 1198 2246 τὸν
1228 2199 1405 2247 πάντων
1437 2201 1619 2259 δαίμονα
1648 2200 1944 2262 μουσοπόλων

342 2287 368 2325 i.
400 2299 456 2336 e.‚
487 2290 535 2325 ut
564 2285 663 2338 ipse
691 2284 837 2336 vertit,
867 2283 1084 2325 Homerus
1114 2297 1285 2338 quoque
1316 2283 1522 2337 cognovit
1552 2281 1738 2325 omnium
1765 2289 1988 2338 poetarum
2005 2282 2217 2325 deum'sc.
2246 2284 2472 2336 Amorem3
2501 2285 2614 2339 quod

339 2370 546 2418 quantum
577 2362 815 2404 Hermanni
844 2360 1131 2404 emendationi
1160 2356 1457 2416 μουσοπολῶν
1487 2357 1641 2413 μ’ὃῆσιν
1672 2368 1716 2402 et
1744 2361 1919 2416 Bergkii
1951 2357 2251 2413 μουσοπολεῖν
2279 2369 2489 2415 praestet,
2529 2377 2614 2404 non

344 2455 454 2496 opus
486 2448 557 2483 est
587 2441 736 2483 multis
766 2440 913 2481 verbis
943 2439 1250 2482 demonstrare.

514 2529 558 2561 v.
590 2520 665 2562 29.
697 2526 742 2562 et
769 2518 840 2563 30.
902 2513 1071 2571 λεππῖφν
1101 2514 1136 2558 δ’
1168 2515 1230 2562 εἰς
1260 2511 1439 2572 Ἰθάκην
1471 2514 1709 2558 ἀνετείνετο
1739 2511 2084 2574 θεῖος”ομηρος

1078 2592 1232 2654 ᾠδῇσιν
1261 2593 1446 2652 πινυτῆς
1476 2591 1614 2636 εἵνεκα
1645 2591 1906 2652 Πηνελόπης

350 2679 558 2733 particula
588 2674 647 2726 δέ,
681 2690 794 2732 quae
826 2678 868 2718 in
898 2676 1017 2718 libris
1047 2683 1128 2729 est,
1160 2677 1200 2718 si
1229 2683 1348 2718 recte
1379 2674 1590 2718 Cobetius
1619 2673 1949 2729 praecedentem
1979 2687 2156 2716 versum
2187 2676 2388 2729 correxit,
2418 2682 2489 2717 est
2508 2676 2615 2717 reti-

351 2756 512 2808 nenda3
542 2769 682 2811 neque
713 2763 782 2798 est
816 2769 892 2798 cur
923 2754 1182 2809 adjectivum
1212 2749 1378 2809 λεπτὴν
1408 2760 1626 2795 mutemus
1656 2752 1738 2807 (cf.
1766 2754 1892 2796 Hom.
1924 2752 2005 2796 od.
2024 2754 2146 2806 XIII,
2174 2754 2262 2795 242
2291 2755 2410 2809 sqq.)
2442 2755 2544 2796 licet
2572 2768 2614 2797 v.

343 2836 417 2879 31.
450 2841 654 2890 sequatur
685 2830 840 2891 ὀλίγην
871 2833 1021 2890 νῆσον;
1063 2841 1239 2887 apparet
1277 2834 1388 2874 enim
1426 2832 1512 2875 hoc
1541 2833 1638 2874 loco
1668 2845 1845 2885 parvam
1877 2833 2061 2874 insulam
2093 2833 2336 2885 oppositam
2368 2845 2471 2873 esse
2501 2834 2617 2874 latae

342 2915 523 2958 Homeri
562 2914 726 2967 patriae
756 2914 783 2954 i.
813 2927 852 2956 e.
883 2912 1054 2956 Joniae.
1116 2910 1279 2953 Contra
1316 2911 1451 2970 verba
1491 2905 1730 2951 ἀνετείνετο
1770 2905 1925 2967 ῴδῆσιν
1960 2910 2036 2951 vix
2066 2916 2249 2963 possunt
2279 2909 2538 2966 significare,
2571 2918 2617 2953 ut

345 2994 590 3049 explicant:
641 3004 739 3034 cum
777 2991 1039 3035 carminibus
1077 2990 1171 3032 suis
1210 2991 1252 3033 in
1291 2990 1485 3031 Ithacam
1525 2988 1745 3032 contendit
1755 3003 1768 3043 3
1816 2990 1902 3031 etsi
1938 2990 2051 3030 enim
2091 2985 2284 3030 dativum
2323 2989 2411 3030 ista
2445 2989 2615 3031 dicendi

341 3073 520 3126 ratione,
551 3084 680 3127 quam
712 3071 923 3113 Matthiae
953 3085 1017 3127 gr.
1048 3084 1114 3127 gr.
1146 3069 1244 3123 maj.
1276 3069 1331 3121 11,
1362 3081 1404 3122 p.
1435 3068 1535 3110 405.
1566 3068 1664 3110 adn.
1681 3069 1724 3111 2.
1747 3069 1959 3121 exemplis
1977 3067 2285 3121 comprobavit,
2318 3069 2461 3122 aliquo
2486 3068 2613 3110 modo

342 3152 543 3195 excusari
558 3164 697 3206 posse
712 3162 960 3202 censemus,
991 3149 1173 3194 verbum
1191 3144 1488 3189 ᾰνατείνεσθαι
1507 3160 1686 3201 prorsus
1703 3148 1910 3190 inusitate
1929 3147 1997 3189 sic
2011 3146 2172 3188 dictum
2188 3147 2378 3198 videtur;
2409 3154 2613 3200 quantum

341 3232 452 3274 enim
483 3231 592 3283 scio,
624 3237 790 3273 tantum
822 3228 1008 3283 simplex
1039 3224 1187 3270 τείνειν
1218 3241 1270 3268 eo
1303 3240 1438 3270 sensu
1469 3240 1496 3269 a
1527 3225 1710 3269 Graecis
1741 3225 1978 3278 dicebatur,
2010 3232 2056 3267 ut
2087 3233 2228 3269 esset:
2261 3225 2532 3278 contendere,
2564 3241 2614 3270 se
