2920 3800
1276 209 1620 259 -10—

323 335 632 403 inscripsit,
671 343 787 400 quod
825 349 898 386 est
935 344 1048 400 apud
1090 344 1266 387 Bionem
1307 346 1430 398 ΧΠ,
1471 349 1528 389 4.·
1555 345 2573 405 nequaquem-<nimmt-renunt-y·

325 425 464 466 amieo
501 424 784 466 comissatum
825 424 920 466 isse
957 430 1124 478 narrat,
1162 430 1206 465 et
1246 424 1355 465 bene
1396 425 1623 481 Bergkins,
1661 426 1737 480 qui
1773 431 1827 468 et·
1855 426 1952 480 ipso
1988 424 2200 470 Biaderfli
2229 412 2573 470 emend-tione-

324 503 489 558 probat,
518 516 608 545 rem
640 503 698 544 ita
720 502 1003 565 cogitandam
1034 517 1138 545 esse
1167 501 1370 555 ostendit,
1401 510 1450 544 nt
1472 504 1754 546 Mimnermus
1773 506 1878 547 tibin
1907 505 2127 559 cecinerit,
2155 505 2324 547 amicus
2353 504 2569 548 adwibine

321 574 482 624 sonum
508 588 689 624 'cantum
726 581 924 633 ediderit,
963 582 1177 636 quomodo
1218 588 1287 623 est
1324 581 1436 636 apud
1476 581 1672 637 Theogu.
1709 581 1812 625 933.
1860 584 1986 627 1065.
2045 585 2093 626 ln
2128 582 2272 626 medio
2319 589 2465 625 autem
2491 593 2571 626 ‘ea

321 658 659 715 relinquendum,
690 665 829 702 utrum
859 660 1175 702 Hermesianax
1212 659 1326 702 hune
1354 660 1594 702 Mimnermi
1624 660 1809 701 amicum
1838 661 2090 704 finxerit-au
2110 662 2304 704 Thaletis
2324 661 2575 716 patret-:in

322 745 466 783 mente
495 737 707 781 habuerit.

494 831 539 860 v.
569 817 641 861 39.
672 823 717 860 et
747 817 816 860 40.
848 825 949 859 ante
978 818 1267 860 Hei-mannum
1301 818 1367 859 sic
1395 818 1529 872 vulgo
1561 815 1816 860 edebantur=

850 889 992 953 ἦχθεε
1020 893 1057 937 δ’
1086 893 1324 954 Ἑρμόβιον
1352 894 1430 938 τὸν
1460 893 1524 938 ἀεὶ
1554 893 1695 954 βαρὺν
1725 891 1800 953 ᾗδὲ
1828 894 2048 954 Φερεκλῆν

990 970 1156 1031 ἐχθρὸν
1184 973 1374 1031 μισήσας
1402 970 1542 1017 τοιάδ’
1574 972 1771 1033 ἔπεμψεν
1800 973 1895 1033 ἔπη.

323 1056 383 1098 ita
421 1061 469 1097 ut
504 1055 737 1097 maximam
776 1059 941 1108 partem
980 1052 1106 1095 codd.
1145 1056 1354 1108 scriptura
1393 1056 1656 1108 retineretur,
1698 1066 1793 1098 uam
1824 1049 1962 1098 τοιάδ’
1994 1056 2199 1109 reperitur
2227 1057 2268 1097 in
2298 1056 2427 1107 pvb,
2458 1056 2499 1096 in
2530 1056 2568 1095 A

325 1140 469 1176 autem
500 1148 577 1189 pro
608 1147 661 1177 eo
693 1140 764 1175 est
792 1129 932 1174 τὀιαν
960 1134 1032 1175 vel
1063 1130 1201 1179 τοίαν,
1234 1136 1275 1176 in
1305 1135 1340 1175 B
1372 1130 1552 1181 τοῖανὸ’;
1585 1134 1739 1177 deinde
1755 1143 1852 1177 ante
1873 1129 2013 1192 ἤχθεε
2042 1136 2083 1176 in
2105 1135 2146 1176 A
2175 1133 2382 1186 scriptum
2402 1140 2472 1175 est
2489 1127 2568 1188 ἧδ’.

322 1215 366 1255 in
382 1213 419 1258 Β
439 1208 478 1270 ἦ,
499 1220 648 1255 contra
668 1213 874 1267 particula
891 1205 966 1267 ήδὲ
985 1212 1249 1254 Casaubono
1266 1213 1459 1259 debetur,
1491 1214 1532 1252 in
1553 1215 1751 1256 omnibus
1771 1216 1881 1256 enim
1900 1214 2018 1255 libris
2038 1225 2112 1268 pro
2134 1225 2186 1254 ea
2203 1203 2304 1253 οὐδὲ
2336 1219 2420 1254 est.
2468 1213 2568 1255 Jam

322 1292 597 1335 normannus
635 1293 814 1346 primum
853 1292 897 1332 iu
935 1292 1138 1333 insolenti
1176 1292 1310 1332 verbo
1352 1284 1492 1346 ἤχθεε
1520 1290 1713 1342 offendit,
1744 1293 1857 1347 quod
1887 1294 1971 1334 etsi
2002 1292 2205 1347 reperitur
2232 1290 2347 1345 apud
2376 1290 2569 1347 Theogn.

329 1372 457 1423 1032,
479 1379 632 1426 ⁸tumen
665 1371 765 1411 huic
794 1371 891 1410 loco
922 1383 1007 1410 non
1037 1377 1183 1424 aptum
1213 1370 1405 1423 videtur3
1445 1369 1600 1410 deinde
1628 1377 1760 1411 totam
1794 1373 2067 1425 sententiam,
2104 1372 2143 1413 si
2170 1382 2258 1425 qua
2286 1370 2470 1411 inest‘in
2500 1370 2570 1411 his

323 1451 483 1500 verbis,
514 1460 761 1503 perversam
794 1459 899 1488 esse
927 1447 1243 1500 animadvertit,
1275 1459 1371 1488 nam
1404 1460 1636 1499 pronomen
1668 1445 1829 1494 τοιάδε,
1863 1451 1960 1490 sive
1990 1463 2045 1490 ex
2075 1449 2290 1490 sententia
2323 1447 2568 1488 Schneide-

323 1529 427 1570 wini
458 1528 746 1582 explicamus:
787 1526 904 1578 talia,
944 1526 1087 1580 qualia
1118 1527 1160 1567 in
1190 1527 1386 1568 manibus
1418 1531 1519 1566 sunt
1549 1525 1780 1580 hominum,
1821 1529 1919 1570 sive
1949 1541 2005 1569 ex
2035 1528 2202 1585 llgenii,
2221 1527 2316 1581 „qui
2344 1526 2397 1569 ad
2428 1520 2568 1583 ἤχθω

324 1614 367 1650 et
389 1603 585 1665 ’μισήσας
613 1602 780 1648 retulit=
812 1605 1002 1647 carmina
1033 1605 1366 1662 indignationem
1398 1611 1442 1647 et
1473 1605 1614 1647 odium
1646 1607 1878 1662 loquentiu,
1909 1608 2089 1664 intelligi
2118 1619 2202 1649 non
2229 1612 2390 1662 potest.
2437 1605 2568 1649 Porro

323 1698 436 1743 quae
465 1686 682 1728 sententia
710 1685 797 1726 hoc
826 1685 924 1727 loco
952 1686 1246 1740 requireretur,
1277 1684 1523 1727 rectissimo
1553 1684 1683 1740 vidit3
1715 1698 1854 1741 neque
1884 1686 1995 1728 enim
2010 1698 2140 1741 quum
2157 1685 2228 1728 hic
2247 1698 2404 1728 versus
2421 1684 2567 1728 verbis

325 1762 473 1807 καίετο
506 1762 586 1822 μὲν
616 1760 820 1809 Ναννοῦς
854 1770 936 1806 etc.
970 1769 1117 1819 aperte
1147 1765 1206 1806 sit
1237 1764 1476 1820 oppositus,
1509 1764 1710 1807 credibile
1740 1771 1809 1807 est
1838 1771 2010 1821 poetam
2027 1764 2140 1808 aliud
2159 1765 2387 1821 quicquam
2403 1763 2568 1807 dixisse

325 1838 410 1886 nisi
439 1846 541 1886 hoc:
580 1844 862 1885 Mimnermus
899 1856 1037 1885 senex
1066 1851 1201 1884 totum
1239 1856 1292 1885 se
1331 1844 1464 1885 amori
1503 1842 1679 1897 dedidit,
1717 1843 1993 1886 adversarios
2023 1849 2183 1897 autem,
2212 1843 2369 1898 quibus
2392 1842 2567 1897 juvenis

323 1924 515 1979 graviter
552 1928 645 1963 erat
683 1923 842 1974 iratus,
886 1934 970 1962 non
1010 1922 1194 1974 amplius
1224 1923 1414 1964 curabat.
1471 1925 1600 1965 Hane
1630 1923 1885 1965 sententiam
1914 1921 2030 1962 effici
2061 1927 2183 1975 putat
2210 1922 2497 1971 Hermannus,
2527 1921 2568 1962 si

321 1987 646 2054 scripserimus:
859 1995 1010 2055 δήχθή
1043 1996 1092 2044 δ’,
1122 1995 1359 2055 Ἑρμόβιον
1388 1997 1465 2042 τὸν
1495 1998 1560 2042 αἐὶ
1588 1996 1730 2057 βαρὺν
1758 1994 1834 2056 ήδὲ
1864 1993 2102 2056 Φερεκλῆν·

1005 2074 1171 2134 ἐχθρὸν
1198 2077 1386 2134 μισήσας
1416 2075 1470 2119 οἷ’
1502 2078 1753 2136 ἀνέπεμψεν
1783 2075 1878 2135 ἔπη,

324 2169 435 2210 quae
464 2158 560 2211 ipse
590 2157 650 2196 ita
682 2157 1024 2215 interpretatum·
1044 2157 1259 2197 Poenituit
1291 2171 1388 2198 eum
1421 2161 1665 2211 carminum,
1706 2159 1849 2214 qualia
1879 2157 2101 2208 effuderat,
2131 2168 2260 2211 quum
2290 2166 2464 2209 semper
2483 2155 2566 2195 sibi

326 2248 500 2291 gravem
527 2235 801 2276 Hermobium
828 2236 1134 2290 inimicumque
1147 2236 1398 2278 Pluercclem
1427 2237 1524 2278 odio
1543 2244 1879 2293 persequeretur.
1919 2237 1980 2278 At
1995 2242 2111 2278 recte
2124 2240 2268 2277 monet
2282 2234 2565 2287 Welckerus,

322 2315 456 2354 verbo
488 2310 638 2369 δήχθη
668 2315 811 2367 posito
842 2316 1016 2355 nimium
1047 2314 1216 2357 dixisse
1239 2322 1409 2369 poetam
1441 2328 1580 2372 neque
1609 2324 1710 2372 a'ptc
1739 2316 1920 2358 finxisse
1937 2315 2232 2356 Mimnermum
2261 2313 2564 2368 poenitentem.

320 2392 467 2444 Quam
497 2394 553 2433 ob
581 2404 671 2432 rem
701 2393 761 2434 ita
790 2394 830 2433 ei
860 2393 1028 2434 videtur
1056 2395 1328 2436 scribendum
1359 2408 1463 2437 esse
1493 2397 1533 2436 in
1562 2401 1829 2450 pentametro
1860 2392 2112 2450 corrigendo
2141 2391 2372 2449 Bergkium
2390 2379 2580 2433 secutoz'

828 2467 969 2528 ἦχθεε
998 2469 1034 2512 δ’
1063 2470 1302 2530 Ἑρμόβιον
1331 2472 1408 2515 τὸν
1438 2471 1501 2515 αἐὶ
1530 2470 1685 2530 βαρὺν,
1717 2466 1821 2514 οὐδὲ
1851 2468 2069 2529 Φερεκλῆν

986 2547 1151 2609 ἐχθρὸν
1179 2549 1380 2607 μισήσας,
1412 2548 1466 2594 οἷ’
1497 2550 1759 2610 ἀνέπεμψαν
1789 2546 1886 2607 ἔπη,

319 2639 431 2683 quae
460 2629 560 2672 sive
589 2629 932 2684 interpretamurt
963 2629 1125 2674 Oderat
1153 2632 1292 2686 neque
1308 2632 1586 2674 Hermobium
1619 2644 1759 2686 neque
1776 2630 2041 2681 Phereclem,
2073 2640 2200 2683 quum
2218 2627 2420 2677 carmina,
2451 2637 2567 2679 qua-

319 2706 378 2749 lia
404 2707 448 2749 in
477 2708 621 2762 ipsum
652 2704 907 2761 effuderant,
946 2708 1132 2762 odisset,
1174 2710 1270 2752 sive
1300 2707 1490 2766 μισήσας
1519 2724 1616 2753 cum
1646 2711 1779 2752 verbo
1810 2703 1954 2765 ἤχθεε
1983 2706 2282 2761 conjungimus
2311 2711 2356 2747 et
2383 2703 2564 2745 relativa

325 2786 616 2830 enuntiatione
654 2798 837 2829 causam
867 2787 994 2830 istius
1022 2788 1110 2831 odii
1139 2787 1239 2829 addi
1269 2796 1483 2842 putamus,
1523 2788 1727 2845 languida.
1745 2794 1858 2830 ‘sunt
1884 2800 2025 2841 neque
2052 2785 2294 2828 sententiae
2321 2781 2450 2836 hujus
2480 2782 2563 2823 loci

321 2866 595 2908 conveniunt.
654 2866 812 2921 Neque
841 2877 908 2917 ea,
937 2877 1049 2920 qnae
1077 2867 1329 2908 necessaria
1344 2866 1528 2920 videtur,
1560 2868 1775 2910 sententia
1791 2865 1980 2918 exsistit,
2011 2861 2246 2918 si'nergkii
2266 2859 2564 2904 emendatione

317 2942 501 2997 probata
527 2945 817 2998 posuerimus:
1909 2941 1921 2946 “

836 3018 990 3077 δήχθή
1022 3017 1057 3060 δ’
1087 3017 1324 3076 Ἑρμόβιον
1352 3020 1431 3064 τὸν
1460 3018 1524 3063 ἀεὶ
1554 3017 1697 3078 βαρὺν
1727 3016 1802 3076 ἣδε)
1832 3014 2051 3075 Φερεκλῆν

993 3095 1157 3156 ἐχθρὸν
1185 3098 1387 3157 μισήσας,
1420 3095 1474 3141 οἷ’
1505 3097 1765 3157 ἀνέπεμψαν
1792 3095 1889 3154 ἔπη.

318 3178 347 3218 i.
379 3190 418 3239 e.
449 3191 577 3234 quum
609 3178 888 3220 Hermobium
919 3185 964 3220 et
992 3179 1245 3220 Phereclem
1276 3166 1457 3232 odis’set,
1488 3192 1618 3237 aegre
1646 3180 1812 3221 serebat
1841 3177 2044 3230 camina,
2072 3188 2185 3232 quae
2212 3178 2256 3218 in
2285 3176 2429 3229 ipsum
2448 3170 2564 3214 effu-

321 3254 484 3299 derant.
544 3259 698 3313 ltaque
726 3257 913 3305 tenenda,
941 3265 1011 3301 est
1051 3259 1282 3301 Hermanni
1314 3258 1577 3315 conjectura,
1615 3270 1727 3314 quae
1750 3257 1926 3300 facilius
1945 3255 2043 3298 ferri
2060 3255 2228 3311 poterit,
2261 3253 2300 3294 si
2316 3247 2561 3308 prosdzix-‘Jn
