2920 3800
1297 271 1605 332 -“5.-

326 425 456 482 Quod
484 427 525 470 si
554 426 653 481 quis
682 424 938 480 cogitaverit
974 429 1020 465 et
1046 430 1295 467 constanter
1322 421 1536 480 πορθμῆα
1568 403 1830 466 Charontem
1860 435 1887 463 a
1913 425 2056 476 poetis
2084 421 2171 464 dici
2198 423 2279 475 (cf.
2309 423 2462 482 fragm.
2490 426 2581 467 Hi-

325 504 481 562 nyadis
507 503 622 560 apud
636 501 769 546 Paus.
787 503 848 556 X,
873 501 944 545 28
954 501 1045 543 init.
1072 500 1174 545 Eur.
1203 503 1300 546 Ale.
1329 501 1430 545 253.
1458 501 1641 544 'I'heocn
1671 500 1700 542 1.
1731 501 1796 554 c.)
1827 506 1872 541 et
1897 500 1960 542 ira
1987 501 2160 543 solitum
2179 513 2297 543 >esse
2324 517 2422 545 eum
2451 510 2582 547 exar-

329 583 523 635 descere,
555 594 683 637 quum
715 580 983 632 accederent,
1014 580 1088 634 qui
1115 578 1302 622 nondum
1327 581 1421 622 vita
1449 585 1600 622 essent
1629 577 1821 621 defuncti
1852 577 1934 631 (cf.
1961 579 2094 636 Verg.
2115 579 2224 622 Aen.
2243 579 2321 633 VI,
2349 581 2447 624 387.
2480 596 2577 638 sqq.

325 661 451 715 407.)
489 659 798 716 possit,·alicui
837 659 880 700 in
918 663 1107 700 mentem
1141 658 1316 711 venire,
1350 653 1750 700 Remesianactem
1785 657 1874 698 talo
1911 656 2012 710 quid
2048 658 2305 713 scripsisse:
2344 660 2578 717 πορθμῆος

264 766 272 774 -
327 736 362 781 δ’
392 735 668 794 ἐξανέπαυσε·
686 738 796 789 (vel,
827 735 941 792 quod
968 725 1172 792 Bergki'o?
1187 735 1347 790 placuit
1375 729 1614 790 ἔξεπᾶεισε)
1645 733 1790 791 μένος.
1845 731 1995 780 Μὲνος
2021 742 2162 778 autem
2188 737 2243 778 de
2260 738 2324 779 ira
2343 738 2431 781 dici
2445 753 2581 793 posse

327 818 658 874 nemo⁸negabit
686 816 741 858 cf.
772 816 900 858 Hom.
929 816 976 856 n.
1008 815 1040 865 1,
1070 813 1169 856 282
1198 815 1275 856 Ar.
1302 815 1569 868 Vesp.,424.

503 909 547 938 V.
577 896 620 938 9.
650 902 695 937 et
726 895 794 937 10.
833 889 1052 935 Κωκυτόν
1079 889 1123 933 τ’
1153 889 1396 949 ἀθέμιστον
1424 889 1488 936 ἐπ’
1518 889 1677 950 ὀφρύσι
1696 888 1974 949 ’μειδήσαντα
2027 919 2030 921 Α

945 965 1021 1027 ἢδὲ
1051 967 1125 1012 καὶ
1154 965 1396 1013 αἰνοτάτου
1424 969 1588 1029 βλέμιί
1619 965 1817 1028 ὑπέμεινε
1847 966 1978 1014 κυνός

331 1057 376 1097 in
406 1055 524 1098 libris
554 1059 648 1107 est;
677 1057 796 1093 recte
825 1057 970 1093 autem
997 1052 1271 1093 Hei-mannus
1300 1057 1347 1092 et
1372 1051 1610 1106 Emperius-
1629 1064 1699 1106 op.
1729 1052 1832 1106 phil.
1864 1056 1909 1091 et
1935 1048 2038 1091 hist.
2067 1062 2110 1104 p.
2145 1050 2242 1093 143.
2272 1060 2596 1109 perspexerunt,

328 1137 473 1188 inepte
492 1131 578 1175 dici
595 1130 813 1185 Orpheum
840 1130 1108 1172 sustinuisse
1137 1127 1353 1186 Cocytum
1384 1128 1590 1190 ridentem
1619 1129 1907 1184 terribilisque
1936 1128 2060 1170 canis
2090 1130 2254 1183 oculos,
2283 1142 2413 1186 quum
2440 1134 2586 1176 nullus

321 1218 453 1270 ¹esset
483 1191 614 1252 labor¹
632 1208 840 1250 ridentem
869 1207 1072 1263 perferre,
1110 1213 1156 1249 et
1190 1219 1270 1262 pro
1299 1200 1376 1263 ᾗδὲ
1405 1208 1668 1263 scripserunt
1697 1200 1793 1249 εἶδε.
1853 1207 1953 1248 Hac
1980 1196 2160 1261 probata
2187 1211 2423 1253 mutatione
2449 1211 2587 1266 pleri-

327 1305 411 1346 que
430 1288 618 1332 editores
629 1289 681 1329 in
701 1286 949 1329 hexametro
968 1284 1096 1334 codd.
1113 1285 1369 1340 scripturam
1386 1288 1645 1329 retinuerunt
1661 1288 1706 1328 in
1724 1298 1865 1341 eaque
1879 1286 1994 1328 hanc
2015 1286 2440 1330 inessesententiam
2455 1289 2587 1332 dixe-

328 1375 445 1411 runt:
476 1367 584 1410 vidit
615 1366 832 1422 Cocytum
863 1363 961 1420 (qui
990 1365 1205 1406 hoc-loco
1221 1362 1344 1406 ⁴deus
1358 1359 1444 1406 -est
1470 1365 1681 1419 fluvialis)
1711 1364 1768 1407 ad
1798 1370 1973 1407 cantum
1991 1376 2119 1406 sunm
2135 1361 2321 1419 placidis
2342 1369 2588 1422 superciliis

327 1452 497 1503 praeter
534 1444 605 1487 tas
643 1443 865 1495 ridentem,
903 1443 959 1485 iis
999 1433 1113 1485 enim
1149 1442 1381 1497 assentior,
1422 1443 1494 1497 qui
1530 1438 1785 1499 ἀθέμιστον·
1809 1440 2078 1499 conjungunt
2103 1454 2205 1486 cum
2233 1437 2578 1502 ἐπιμειδήσαντα,

327 1537 456 1581 quum
481 1536 581 1566 *non
618 1501 877 1578 intelligam,
914 1531 1000 1576 quo
1032 1519 1132 1575 jure
1172 1519 1371 1576 Cocytus
1406 1519 1516 1563 deus
1556 1523 1727 1576 „omnis
1763 1521 1874 1576 juris
1912 1525 1958 1563 et
1995 1521 2274 1565 humanitatis
2303 1530 2487 1578 expers“
2515 1519 2588 1569 bic

327 1603 509 1646 dicatum
565 1601 666 1644 Jam
706 1600 798 1641 iste
849 1597 958 1639 deus
995 1597 1184 1639 fluvialis
1221 1598 1323 1640 alibi
1359 1610 1472 1640 sane
1506 1581 1591 1640 non
1630 1593 2002 1653 commemoratur,
2044 1611 2280 1654 possumus
2319 1607 2461 1646 tamen
2499 1596 2588 1647 bec

326 1678 618 1723 Alexandrino
647 1683 808 1732 poetae
837 1675 1115 1730 concedere,ss
1140 1682 1190 1718 ut
1218 1678 1349 1717 tale-
1379 1677 1465 1717 sibi
1492 1676 1673 1718 finxerit.
1731 1679 1790 1718 At
1818 1678 1948 1732 mire,
1979 1683 2029 1720 ut
2054 1678 2272 1734 Hauptius
2299 1680 2327 1721 l.
2357 1692 2394 1721 c·
2423 1687 2584 1734 monet,

330 1746 476 1802 ridens
506 1751 706 1812 Cocytus
734 1753 992 1810 conjunctus
1023 1761 1092 1798 est
1122 1767 1220 1798 cum
1250 1755 1427 1797 terribili
1455 1753 1938 1819 Cerberonpraesertim
1968 1767 2097 1811 quum
2129 1757 2199 1799 his
2228 1757 2428 1800 versibus
2457 1765 2590 1814 poeta

327 1837 370 1880 id
386 1839 536 1896 egisse
554 1834 768 1889 videatur,
795 1840 844 1875 ut
862 1840 1049 1876 terrores
1073 1833 1178 1877 Orci
1206 1831 1486 1890 describeret,
1505 1847 1598 1891 ·quo
1626 1835 1782 1893 magis,
1812 1840 2017 1890 quantam
2046 1849 2166 1878 amor
2194 1837 2283 1878 vim
2309 1837 2353 1878 in
2370 1834 2588 1893 Orpheum

329 1917 578 1967 exercuerit,
601 1915 816 1956 omnibus
852 1921 1114 1968 appareret..
1148 1913 1302 1968 Itaque
1337 1913 1516 1955 verbum
1554 1910 1817 1970 μειδήσαντα
1848 1921 2093 1968 corruptum
2126 1923 2169 1956 et
2198 1929 2226 1957 a
2255 1916 2422 1957 librario
2452 1929 2587 1959 exco-

333 1999 515 2054 gitatum
544 1993 657 2036 mihi.
677 1992 856 2044 videtur,
892 2000 941 2034 ut
967 1993 1041 2035 hic
1070 2005 1226 2035 versus
1255 2005 1354 2034 cum
1383 1993 1735 2035 antecedentibus
1751 1994 1898 2035 verbis
1920 1989 2165 2049 ἐξανέπεισε
2193 1987 2341 2041 θεούς,
2370 2008 2484 2052 quae
2494 1996 2585 2052 jan

330 2082 460 2116 antea
487 2073 722 2129 depravata
752 2077 888 2124 erant,
918 2072 1196 2122 consentiret,
1227 2083 1369 2126 neque
1398 2069 1557 2123 dubito,
1588 2072 1686 2127 quin
1715 2073 1991 2114 Hermannus
2020 2080 2140 2115 recte
2168 2087 2264 2115 eum
2297 2064 2590 2117 emendaverit

329 2155 546 2196 scribensz
2111 2155 2113 2157 ’

897 2223 1114 2270 Κωκυτόν
1139 2225 1183 2269 τ’
1214 2224 1446 2269 οἶνέθιστον
1475 2224 1540 2270 ἐπ’
1571 2224 1751 2286 ὀφρύσιν
1783 2225 2021 2283 οἰδὴσαντα
2103 2218 2122 2258 Ῑ

329 2314 356 2353 i.
375 2325 431 2365 e.‚
461 2317 509 2351 ut
535 2311 632 2364 ipse
661 2309 864 2364 explicat,
892 2313 1066 2363 praeter.
1079 2306 1265 2348 solitum
1294 2305 1350 2348 ad
1368 2307 1487 2362 ripas
1504 2307 1871 2349 intumescentem.
1929 2309 2090 2362 Neque
2103 2321 2208 2350 vero
2228 2310 2320 2351 viro
2334 2308 2589 2352 doctisfime

334 2390 552 2430 assentior
580 2388 804 2442 suspicato
834 2386 1047 2442 Cocytum
1077 2384 1121 2425 id
1161 2383 1339 2438 fecisse,
1385 2391 1434 2426 ut
1469 2383 1700 2428 testaretur
1734 2398 1785 2428 se
1815 2385 1977 2441 Orphei
2014 2393 2145 2429 cantu
2173 2400 2279 2430 esse
2305 2394 2592 2445 commotu-3
2643 2440 2650 2445 ἡ

333 2468 574 2523 putaverim
604 2468 751 2522 potius
768 2465 983 2522 Cocytum
1015 2464 1142 2506 deum
1172 2465 1327 2507 iratum
1358 2465 1515 2519 fuisse,
1544 2464 1656 2520 quod
1686 2466 1878 2508 mortalis
1891 2463 2108 2522 Orpheus-
2123 2478 2260 2508 ausus
2275 2473 2398 2510 esset
2410 2467 2604 2511 Tartara

335 2547 465 2603 adire,
495 2553 629 2602 atque
655 2552 704 2588 ut
732 2544 942 2588 audacem
970 2550 1223 2601 proterreret
1250 2549 1411 2596 vatem,
1443 2544 1718 2598 intumuiss03
1746 2545 1809 2587 ita·
1833 2552 1981 2588 autem
1995 2545 2105 2588 deos
2126 2545 2325 2588 fluviales
2341 2546 2446 2589 iram
2463 2558 2600 2590 suam·

334 2625 556 2670 testificari
585 2632 763 2681 apparet
792 2624 849 2668 e'x
865 2625 949 2668 0v.
967 2625 1075 2667 Met.
1104 2623 1223 2678 VIII,
1253 2622 1353 2666 583.
1413 2621 1536 2677 Quae
1564 2624 1605 2666 si
1631 2630 1750 2666 recte
1778 2623 2000 2680 disputata
2028 2631 2143 2678 sunt,
2174 2638 2257 2668 non
2287 2638 2398 2680 opus
2421 2632 2498 2669 est
2517 2616 2595 2682 ᾗδὲ

332 2708 375 2748 in
405 2697 489 2747 εἶδε
517 2711 705 2757 mutare3
746 2705 971 2760 aptissime
999 2703 1113 2744 enim
1141 2699 1344 2756 Orpheus
1373 2703 1479 2744 iram
1508 2703 1578 2745 dei
1606 2703 1872 2746 sustinuisse
1899 2688 2066 2758 dicimr,
2096 2717 2236 2760 neque
2262 2705 2501 2757 particulae
2517 2700 2596 2762 ἠδὲ

334 2781 426 2830 καί,
459 2796 590 2840 quum
620 2796 779 2826 novum
811 2782 913 2840 quid
942 2789 1072 2838 atque
1100 2782 1280 2838 gravius
1308 2781 1553 2837 adnectant,
1581 2783 1785 2838 languere
1812 2783 1918 2825 mihi
1943 2782 2155 2826 videntur.

510 2876 554 2903 v.
600 2862 668 2904 12.
694 2846 841 2905 *miror
873 2862 1109 2919 Bergkium
1143 2862 1434 2903 rectissimam
1467 2861 1713 2904 Ruhnkenii
1749 2859 2093 2906 emendationem
2127 2863 2373 2916 sprevisse,
2390 2863 2482 2918 qui
2504 2875 2600 2917 ,pro

335 2938 496 2998 φέρων,
542 2940 656 2997 quod
699 2942 742 2983 in
787 2942 906 2983 libris
952 2947 1034 2993 est,
1078 2945 1274 2982 neutrum
1313 2935 1451 2996 φέρον
1485 2939 1726 2994 ponendum
1767 2952 1874 2982 esse
1915 2942 2076 2995 primus
2102 2940 2240 2981 vidit.
2292 2938 2441 2992 om
2464 2941 2597 2982 ⁴euim

332 3020 550 3076 Bergkius
579 3033 637 3062 v..
653 3021 695 3062 9.
737 3021 957 3062 retinuerit
994 3014 1272 3076 μειδήσαντα,
1311 3027 1430 3062 recte
1464 3019 1626 3060 monuit
1662 3019 1880 3079 Hauptius
1919 3020 2062 3073 inepte
2091 3017 2184 3060 diei·
2197 3017 2368 3061 >veadent
2391 3019 2598 3060 carminis

332 3098 573 3154 dulcedine,
616 3110 702 3153 qua
740 3097 938 3154 Cocytus
975 3105 1306 3153 permoveretur,
1354 3104 1403 3140 ut
1436 3095 1602 3148 rideret,
1640 3095 1875 3139 Cerberum
1916 3098 2085 3153 terrefi3
2122 3097 2281 3141 deinde
2320 3097 2359 3140 si
2393 3095 2601 3152 Orpheus

336 3177 525 3220 Cerbero
572 3182 777 3219 terrorem
823 3178 986 3232 injecit,
1026 3177 1168 3218 nullus
1192 3177 1401 3232 profecto
1439 3183 1532 3218 erat
1567 3175 1686 3217 labor
1726 3188 1824 3218 eum
1860 3177 2089 3220 sustinere.
2149 3177 2276 3220 Haec
2314 3184 2361 3218 et
2398 3177 2510 3218 inter
2545 3189 2598 3219 se

333 3261 574 3314 repugnant
620 3262 664 3297 et
709 3261 811 3298 ante
861 3257 1004 3298 omnia
1040 3256 1094 3298 ab
1136 3253 1266 3309 hujus
1304 3256 1387 3298 loci
1428 3255 1643 3298 sententia
1682 3262 1785 3298 sunt
1825 3257 1978 3299 aliena.
2037 3256 2196 3312 Neque
2221 3263 2336 3310 ·est,;
2355 3267 2433 3298 cur
2470 3254 2598 3298 cedd.

333 3336 586 3390 scripturam
613 3315 877 3378 retineamus
906 3341 951 3377 et
977 3347 1075 3378 cum
1092 3334 1278 3390 Bergkio
1304 3340 1547 3378 statuamus
1579 3324 1705 3389 ὄμμα
1737 3330 1863 3391 δεῖμα
1894 3331 2036 3393 φέρον
2063 3332 2344 3392 τριστοίχοις
2374 3330 2600 3390 κεφαλαῖς
