2920 3800
1297 198 1606 246 -,9...

327 328 545 380 σεύατο.
603 331 748 387 οου-
775 337 921 375 tamen
938 321 1278 376 Ιιιοοεειιοιιιίε
1305 323 1564 377 necesaria
1585 330 1658 374 liic
1684 330 1933 386 requiratur,
1963 334 2156 385 praestat
2181 340 2364 375 eumue
2380 330 2571 375 Παιο-

328 410 572 456 eiasactem
588 423 665 467 pro
682 409 867 466 simplici
881 408 1170 464 compositum
1185 410 1363 454 verbum
1380 411 1482 465 alio,
1511 421 1640 466 quam
1660 408 1793 466 vulgo
1811 406 1957 461 babet,
1985 419 2122 451 sensu
2147 409 2353 464 posuisse
2376 415 2572 454 eruere

333 501 424 532 see-
446 487 526 543 (cf.
555 487 610 531 ad
638 501 683 530 v.
712 487 821 543 25.)
839 487 984 531 medie
1007 500 1167 544 genere
1193 501 1298 532 esse
1322 501 1462 542 usum,
1493 500 1620 543 quam
1636 486 1693 529 ad
1710 486 1839 529 nimis
1856 485 2011 529 faciles
2040 487 2112 529 vel
2129 486 2319 530 lubricas
2336 487 2571 545 conf-gae

335 565 620 622 conjecturas.
679 565 845 609 Saltem
875 578 942 618 ea,
969 577 1096 620 quam
1125 566 1338 623 Bergkius
1367 567 1540 621 protulit
1568 572 1614 608 et
1640 564 1908 608 Welckerus
1939 564 2279 608 commendavit:
2307 560 2569 612 λεπτυνθεὶς

334 637 517 699 Ἰθάκην
542 638 770 686 ἑνετείνετο
800 648 884 685 etc.
913 642 1048 686 tribus
1075 642 1132 686 de
1167 643 1337 686 causis·
1360 643 1460 685 ferri
1497 656 1583 685 non
1619 648 1785 697 potest,
1823 643 2003 696 primum
2045 642 2158 697 quod
2186 643 2405 698 particula
2426 639 2486 690 δέ,
2522 650 2571 685 ut

333 732 464 775 supra
481 721 640 772 monui,
671 720 831 762 deesse
847 733 932 762 non
948 726 1108 775 potest,
1137 718 1292 762 deinde
1308 719 1424 774 quod
1451 715 1706 761 ἐντείνεσθαι
1735 715 1891 774 ῴὸἧσιν
1920 732 2006 762 non
2020 719 2252 776 significat,
2281 727 2330 764 ut
2344 722 2408 764 illi
2426 722 2572 765 visu·

335 804 424 850 est,
437 799 695 841 carminibus
715 799 945 851 celebrare,
974 797 1055 840 sed
1071 797 1272 840 versibus
1289 796 1521 851 includere,
1550 797 1734 852 denique
1751 796 1864 851 quod
1884 797 1928 839 in
1940 798 2222 852 sequentibus
2239 797 2408 842 demum
2426 805 2571 854 poeta,

335 876 437 932 quid
474 878 678 919 cecinerit
714 878 951 931 Homerus,
989 877 1178 931 exponit.
1239 872 1383 928 Quare
1420 889 1504 917 non
1541 876 1687 928 miror,
1726 875 1840 931 quod
1880 876 2147 920 Welckerus
2183 890 2368 921 monum.
2407 879 2569 934 antiqu.

333 955 447 1008 (alte
473 941 811 998 Denkmiiler'li.
842 969 883 1010 p.
913 955 1024 1007 218)
1054 954 1313 998 sententiam
1343 967 1468 996 suam
1497 955 1759 998 retractavit.
2156 955 2160 960 ’

505 1047 549 1075 v.
581 1035 660 1077 33..
691 1029 839 1079 κλαῖεν
876 1031 912 1074 δ’
949 1030 1142 1091 Ἰκαρίου
1177 1047 1230 1074 τε
1266 1029 1393 1088 γένος
1427 1040 1545 1093 recte
1581 1034 1853 1075 Hei-mannus
1893 1046 1969 1088 pro
1998 1035 2066 1086 iis,
2110 1046 2224 1088 quae
2251 1035 2295 1075 in
2322 1035 2440 1077 libris
2468 1042 2573 1078 sunt

335 1108 505 1154 ἔκλαιεν
533 1109 571 1153 δ’
584 1108 772 1171 Ἰκάρου,
803 1114 990 1167 scripsit,
1020 1125 1119 1154 nam
1148 1118 1271 1167 pater
1285 1112 1527 1166 Penelopae
1557 1113 1722 1154 Icarius
1740 1112 2050 1165 nominabatur,
2080 1126 2164 1154 non
2182 1114 2342 1155 Icarus.
2380 1114 2572 1157 Verbu-

335 1199 479 1236 mtem
509 1188 670 1234 κλαίειν
699 1193 753 1234 ab
783 1192 868 1233 boc
896 1193 992 1234 loco
1023 1203 1108 1232 non
1143 1190 1314 1232 videtur
1350 1203 1454 1233 esse
1483 1192 1691 1245 alienum,
1730 1204 1859 1247 quum
1890 1191 2056 1234 dicatur
2082 1193 2300 1235 Homerus
2328 1193 2573 1250 Penelopae

333 1269 661 1325 Atridarumque
701 1270 792 1312 fata
839 1270 1089 1312 celebrasse
1135 1265 1251 1310 ἰδίων
1287 1264 1537 1326 ἁπτόμενος
1573 1256 1764 1312 παθέων.
1825 1270 1978 1324 ltaque
2015 1281 2099 1311 non
2138 1281 2250 1325 opus
2289 1277 2360 1313 est
2394 1271 2571 1329 Bergkii

334 1346 633 1393 emendatione
662 1340 798 1390 ἔκλεε.

476 1463 480 1466 .
504 1439 549 1468 v.
578 1425 650 1469 35.
682 1432 727 1467 et
753 1425 825 1468 36.
855 1425 964 1468 bene
985 1425 1287 1480 interpretatus
1306 1431 1377 1468 est
1389 1423 1639 1481 Bernhardy
1656 1425 1758 1468 bist.
1777 1426 1837 1468 lit.
1852 1438 1915 1483 gr.
1933 1427 2000 1480 11,·
2020 1427 2043 1469 1
2059 1439 2103 1482 p.
2119 1427 2235 1481 440„
2264 1427 2378 1470 unde
2393 1436 2573 1485 apparet

334 1518 428 1548 uon
455 1502 731 1563 cogitandum
760 1516 864 1547 esse
887 1504 977 1560 boc
1003 1505 1101 1547 loco
1129 1501 1187 1547 de
1213 1504 1466 1546 Mimnermo
1503 1505 1758 1560 pentametri
1784 1505 2022 1547 inventore.
2081 1504 2172 1548 Sed
2200 1514 2410 1550 vexarunt
2436 1509 2572 1552 verba

333 1580 510 1627 πολλὸν.
533 1578 734 1628 α’νατλὰς
761 1584 1029 1638 interpretes,
1058 1595 1170 1638 quae
1196 1583 1485 1626 Ruhnkenius
1515 1597 1615 1626 cum
1643 1584 1925 1638 sequentibus
1956 1582 2106 1626 καίετο
2135 1582 2217 1642 μὲν
2235 1583 2435 1632 Ναννοῦς
2463 1600 2569 1630 con-

329 1663 486 1719 junxit.
544 1663 644 1704 Hoc
682 1663 773 1704 fieri
813 1674 898 1704 non
934 1673 1070 1716 posse
1110 1662 1263 1704 omnes
1299 1660 1516 1714 viderunt,
1558 1667 1721 1703 certum
1759 1668 1902 1703 tamen
1931 1663 2037 1704 mibi
2063 1663 2258 1718 videtur,
2300 1664 2411 1707 haec
2437 1665 2572 1708 verba

334 1739 560 1783 referenda
588 1752 693 1781 esse
721 1738 777 1780 ad
805 1740 931 1792 mala,
962 1751 1074 1794 quae
1101 1740 1145 1780 in
1175 1751 1322 1781 amore
1350 1751 1590 1793 perpessus
1619 1740 1679 1781 sit
1706 1741 1987 1784 Mimnermus
2015 1753 2059 1780 v.
2088 1741 2199 1783 infra
2227 1754 2269 1795 p.
2303 1742 2370 1784 11.

416 1850 421 1855 .
505 1831 547 1860 v.
576 1818 646 1861 37.
677 1824 722 1860 et
748 1817 820 1860 38.
851 1830 978 1873 quam
1008 1818 1195 1860 maxime
1221 1818 1266 1860 in
1295 1819 1414 1860 libris
1443 1826 1546 1861 sunt
1573 1817 1810 1873 depravati.
1867 1820 1916 1860 In
1945 1819 2001 1861 A.
2031 1819 2145 1861 enim
2175 1825 2266 1863 est:
2302 1817 2473 1877 πολλιῷ
2503 1817 2569 1866 ἔπι

335 1891 531 1941 πολλάκι
568 1891 702 1952 λὼτςυ
741 1897 814 1939 vel
850 1892 986 1950 λωτῷ
1027 1891 1274 1954 κημωθεὶς
1301 1891 1483 1952 κῶμους
1513 1909 1614 1954 σιχε
1641 1893 1889 1954 συνεξαμὺη
1921 1897 1988 1950 (in
2017 1897 2067 1938 B.
2096 1896 2286 1939 additum
2317 1895 2393 1956 2773
2431 1901 2475 1942 in
2502 1900 2570 1943 R:

334 1973 477 2031 πολίω
518 1961 603 2018 {vr-2⁰
625 1969 821 2017 πολλάκι
858 1969 996 2031 μώτω
1037 1970 1282 2030 κνημωθεὶς
1319 1970 1501 2032 κῶμους
1530 1973 1632 2033 σι’χε
1660 1973 1920 2033 συνδραμίης
1956 1977 2000 2017 ἰιι
2028 1975 2122 2018 Vh.
2151 1973 2294 2033 πολιῷ
2324 1973 2391 2020 ἐπὶ
2420 1974 2571 2021 πολλὰ

337 2050 532 2111 κιμὼτω.
590 2054 657 2095 Ex
686 2054 755 2095 his
778 2054 1050 2095 Hermannus
1064 2053 1236 2095 demum
1265 2062 1462 2096 correcta
1479 2057 1630 2112 ligenii
1646 2055 1947 2097 emendatione
1974 2057 2162 2098 maxima
2191 2070 2248 2098 ex
2275 2065 2394 2111 parte
2410 2070 2569 2111 veram,

333 2141 382 2176 ut
409 2134 593 2187 videtur,
625 2134 876 2187 scripturam
905 2133 1104 2184 restituit,
1133 2131 1532 2176 Hcrmesianactem
1563 2137 1797 2189 scripsisse
1825 2141 1968 2200 ratus:

843 2207 990 2252 καίετο
1021 2207 1102 2266 μὲν
1131 2208 1345 2257 Ναννοῦς,
1375 2208 1517 2266 πολιῷ
1549 2209 1584 2254 δ’
1614 2208 1682 2256 ἐπὶ
1711 2206 1908 2256 πολλάκι
1936 2209 2071 2266 λωτῷ

983 2283 1208 2345 κημωθεὶς
1237 2285 1419 2345 κώμους
1449 2290 1603 2348 στεῖχε
1640 2287 1919 2346 συνεξανύειν.

476 2363 643 2410 Πολιόν
660 2374 802 2409 autem
819 2368 929 2409 dixit
955 2364 1103 2417 λωτόν
1129 2369 1155 2409 i.
1171 2382 1214 2409 ὀ.
1230 2369 1378 2413 tibiam
1398 2370 1480 2423 (cf.
1498 2371 1651 2425 ligenii
1669 2369 2010 2422 adnotationem)
2027 2382 2112 2411 non
2125 2375 2297 2423 propter
2312 2369 2480 2426 nigrum
2495 2370 2576 2412 loti

333 2447 532 2498 colorem,
563 2453 610 2487 ut
640 2447 830 2487 Bachius
859 2453 903 2487 et
932 2445 1291 2490 Schneidewinus
1322 2456 1515 2500 censent,
1552 2458 1651 2489 nam
1679 2461 1849 2500 semper
1876 2443 2034 2492 πολιός
2058 2454 2127 2490 est
2154 2460 2304 2500 canus,
2333 2461 2419 2490 non
2435 2449 2573 2505 niger,

336 2524 417 2566 sed
456 2523 568 2580 quod
608 2524 806 2579 grandior
847 2531 950 2565 natu
988 2526 1270 2569 Mimnermus
1310 2541 1364 2569 ea
1399 2541 1509 2570 usus
1543 2534 1675 2577 esset,
1715 2525 1759 2567 id
1790 2525 1902 2580 quod
1931 2527 2071 2580 ipsius
2100 2527 2358 2569 carminibus
2387 2525 2576 2582 quodam

334 2602 462 2646 modo
506 2604 745 2646 confirmari
786 2603 976 2656 videtur3
1021 2605 1168 2660 itaque
1215 2617 1306 2648 neu
1341 2618 1454 2660 opus
1490 2611 1561 2648 est
1601 2603 1898 2647 emendatione
1943 2600 2123 2660 σκολιῷ.
2181 2604 2351 2648 Deinde
2394 2611 2577 2660 apparet

336 2684 469 2725 verba
485 2677 552 2725 ἐπὶ
570 2678 713 2737 πολιῷ
729 2678 864 2737 λωτῷ
881 2683 1126 2725 arctissime
1148 2683 1447 2740 conjungenda
1463 2697 1566 2726 esse
1594 2696 1692 2725 cum
1720 2684 1942 2737 participio
1960 2682 2196 2740 κημωθείς.
2226 2691 2276 2728 ut
2290 2685 2577 2728 Mimnermus

337 2761 503 2804 dicatur
539 2761 681 2804 fascia
716 2762 889 2803 indutus
928 2758 1145 2818 (φορβειᾷ
1183 2761 1379 2814 vinctus)
1419 2775 1536 2814 esse,
1575 2768 1623 2803 ut
1661 2763 1786 2804 senili
1820 2762 1926 2804 tibia
1963 2769 2148 2805 caneret.
2206 2763 2408 2818 Denique
2442 2764 2577 2806 verbs

339 2836 520 2896 κώμους
541 2840 695 2897 στεῖχε
712 2835 975 2895 συνεξανύειν
991 2842 1180 2883 Baebius
1198 2842 1406 2894 explicat:
1437 2839 1666 2883 incedebat
1684 2839 1739 2881 ad
1757 2841 2093 2884 comissationes
2117 2842 2417 2899 peragendam
2447 2855 2576 2898 qutun

336 2933 441 2962 vero
463 2920 748 2969 Hermannus
765 2913 1057 2972 συνεξανύειν
1074 2918 1312 2972 scripserit,
1341 2917 1455 2972 quod
1469 2918 1748 2960 Mimnermus
1778 2919 2025 2972 „tibicinam
2047 2920 2146 2974 ipse
2173 2920 2282 2963 tibia
2310 2933 2473 2980 canens
2500 2932 2575 2962 εο-

339 3007 467 3041 cutus
491 2998 596 3052 sit,“
626 2998 899 3049 statuendum
932 3004 1000 3040 est
1026 2999 1166 3051 ipsam
1194 2997 1416 3053 virginem,
1446 2995 1503 3038 ad
1530 3009 1658 3051 quam
1687 2997 1969 3046 comissatum
1998 2999 2120 3051 irent,
2150 3000 2261 3041 inter
2288 2999 2578 3042 comissantes

338 3091 444 3120 esse
477 3083 710 3130 versatam,
749 3075 863 3130 quod
904 3077 979 3118 vix
1019 3075 1219 3118 credibile
1255 3081 1346 3128 est;
1384 3081 1603 3133 praeterea
1645 3070 1912 3129 συνεξανύειν
1948 3076 2125 3119 nimium
2155 3090 2183 3120 a
2211 3079 2421 3132 scriptura
2450 3076 2577 3120 codd.

315 3157 519 3200 ’recedit
577 3157 728 3210 ltaque
756 3156 849 3197 veri
878 3155 1138 3198 simillimum
1166 3154 1270 3197 mihi
1298 3160 1383 3208 est,
1411 3152 1674 3197 Dindorfium
1705 3157 1867 3198 rectius
1885 3155 2066 3200 alteram
2087 3156 2218 3211 liujus
2233 3168 2392 3201 versus
2411 3162 2577 3212 partem

337 3235 611 3287 emendasse,
653 3236 726 3289 qni
765 3233 975 3289 conjecitz
1015 3227 1195 3291 κώμους
1233 3225 1330 3290 εἶχε
1370 3227 1448 3275 σὺν
1486 3227 1701 3288 Ἑξαμύῃ,
1740 3234 1824 3277 nisi
1863 3233 1977 3279 forte
2013 3235 2330 3280 Her-mesiam
2365 3250 2442 3292 pre
2479 3226 2580 3293 εἶχε
