2920 3800
1295 281 1364 290 .-
1433 255 1649 312 ⁷·.‘-'

329 400 374 442 ia
401 397 520 442 initio
548 394 856 450 pesitispatet,
885 391 1063 446 primum
1084 391 1146 433 in.
1164 391 1413 436 universnm
1442 391 1691 436 narravisse
1719 397 1765 433 et
1784 389 2029 446 Euripidem
2054 392 2397 447 ammonuisse,
2428 391 2586 438 deinde

329 477 501 519 demum
530 475 588 519 ad
615 473 789 529 singula
817 471 1030 521 transisse
1059 476 1106 512 et
1127 469 1235 525 quid
1255 484 1415 530 *amans
1443 471 1596 513 fecerit
1624 469 1906 524 exposuisse,
1935 476 2099 512 certum
2119 452 2585 530 mihividemfflffloe

329 568 423 598 rum
451 534 713 610 Axtiumque
741 557 859 593 recte
887 547 1133 604 conjecisse
1160 544 1299 608 ἐρῶνθ
1326 551 1354 592 i.
1385 563 1424 592 e.
1453 561 1600 591 amore
1617 554 1900 602 commotum,
1924 549 2027 591 licet
2040 549 2321 592 Hermaeum·
2343 550 2386 592 id
2408 558 2584 606 propter

331 638 587 690 sequentem
617 642 794 673 versum
823 627 1032 683 „inutild‘
1061 627 1216 671 dixerit
1243 633 1290 671 et
1314 627 1583 683 Dalecampii
1599 625 1952 673 ‚emendationem
1981 623 2126 671 ἑκόνθ’
2155 627 2530 672 commendaverit.

431 736 436 743 ·
474 715 477 718 ⁴
503 725 548 752 v,
577 711 650 752 25.
679 717 727 751 et
752 709 824 750 26.
853 709 927 762 qui
954 709 1086 764 vulgo
1115 710 1178 748 ita
1205 705 1262 748 ex
1290 707 1410 748 libris
1438 705 1543 747 editi
1571 713 1686 755 sunt,
1752 704 1755 708 '

777 782 909 830 πόλλ’
939 781 1114 835 ἔπαθεν,
1141 779 1291 830 πάσας
1321 781 1369 826 δὲ
1396 781 1545 842 λόγων
1575 778 1866 842 ἀνεγράψατο
1895 781 2113 838 βίβλους,

951 861 1096 924 ὕμνων
1124 861 1175 906 ἐκ
1204 860 1386 923 πρώτης
1412 860 1570 908 παιδὸς
1597 860 1908 921 ἀνερχόμενος,
1951 887 1956 891 -

331 947 434 988 nihil
463 946 708 1000 perplexius
741 957 844 987 esse
872 946 934 988 ait
962 945 1192 999 Cobetins,
1221 949 1269 985 et.
1296 950 1398 985 sunt
1426 955 1536 986 sane
1563 943 1609 984 in
1637 943 1710 995 iis,
1741 954 1852 998 quae
1882 941 2103 985 offendant
2132 954 2214 984 nec
2243 945 2352 987 satis
2382 948 2587 986 accurate

331 1025 447 1067 dicta
475 1023 713 1077 videantur,
742 1023 822 1066 sed
851 1023 906 1066 de
936 1037 1004 1078 eo,
1033 1021 1147 1080 quod
1178 1022 1323 1066 dicere
1350 1023 1534 1065 voluerit
1561 1027 1707 1077 poeta,
1747 1021 1909 1079 ambigi
1938 1035 2024 1064 non
2053 1027 2211 1076 potest.
2270 1023 2446 1065 Scimus
2476 1021 2590 1063 enim

330 1102 570 1144 Hesiodum
605 1104 780 1160 longum
820 1115 992 1145 carmen
1029 1103 1352 1156 composuisse,
1391 1103 1460 1143 cui
1499 1102 1652 1143 titulus
1689 1107 1782 1141 erat
1817 1098 1966 1142 Ήοῖαι
1994 1102 2093 1142 sive
2119 1097 2268 1142 Ἠοῖαι
2295 1095 2500 1173 μεγάλαι.
2531 1099 2588 1140 cf.
2645 1127 2647 1129 -

330 1181 581 1236 Bernhardy
618 1182 716 1224 hist.
746 1183 808 1224 lit.
836 1194 900 1238 gr.
930 1181 986 1232 11,
1028 1179 1051 1220 1
1081 1191 1126 1233 p.
1152 1180 1242 1222 266
1270 1191 1384 1234 sqq,
1423 1178 1763 1222 Marckscheffel
1803 1179 1987 1222 Hesiodi
2022 1179 2177 1236 fragm.
2216 1191 2259 1233 p.
2292 1179 2375 1221 116
2401 1190 2515 1233 sqq„
2545 1179 2591 1218 in

331 1272 470 1314 eoque
498 1261 695 1316 singulas
723 1259 989 1301 narrationes
1017 1246 1202 1300 formula
1230 1251 1257 1313 ἢ
1289 1253 1360 1313 οἵ»)
1391 1258 1500 1299 inter
1527 1270 1581 1300 se
1609 1257 1906 1312 conjunxisse,
1947 1255 2063 1298 unde
2090 1263 2228 1299 totum
2270 1269 2425 1298 nomen
2451 1267 2589 1298 aoce-

330 1338 406 1392 pit:
464 1337 563 1380 Hac
598 1352 645 1379 re
677 1349 786 1380 usus
815 1338 1145 1388 Hermesianax,
1185 1340 1234 1377 ut
1259 1333 1498 1377 Hesiodum
1529 1348 1700 1391 quoque
1729 1334 1784 1376 ad
1815 1335 2005 1379 carmina
2034 1334 2264 1378 scribenda
2291 1347 2434 1377 amore
2462 1346 2591 1378 com·-

330 1417 503 1470 pulsum
531 1429 635 1458 esse
665 1417 986 1467 demonstraret,
1015 1416 1142 1456 finxit
1169 1414 1334 1456 Eoeam
1364 1415 1505 1456 fuisse
1532 1415 1743 1470 virginem
1770 1415 2010 1455 Ascraeam
2039 1414 2094 1455 ab
2123 1414 2196 1455 illo
2227 1420 2427 1456 amatam.
2480 1415 2589 1466 lam,

330 1502 379 1536 ut
407 1494 464 1537 ad
483 1494 579 1549 ejus
607 1496 740 1536 verba
770 1493 955 1546 redeam,
985 1495 1166 1548 primum
1197 1500 1379 1548 apparet
1406 1494 1672 1548 participium
1703 1488 2002 1550 ἀνερχόμενος
2029 1493 2212 1549 intelligi
2231 1507 2317 1536 non
2332 1507 2478 1558 posse,
2507 1492 2590 1534 sed

331 1572 603 1616 scribendum
635 1587 750 1624 esse,
793 1573 840 1613 id
868 1572 982 1627 quod
1009 1573 1237 1626 Emperius
1267 1574 1297 1614 1.
1327 1586 1366 1614 c.
1396 1572 1530 1615 literis
1559 1571 1684 1614 codd.
1714 1572 1940 1613 lenissime
1967 1572 2146 1613 mutatis
2176 1572 2372 1627 conjecit,
2411 1568 2589 1628 ἐναρχό-

330 1640 475 1708 μενος,
514 1650 626 1706 quod
668 1651 845 1693 Canteri
881 1649 1166 1692 emendationi
1213 1646 1515 1709 ἀναρχόμενος
1554 1657 1598 1692 et
1633 1651 1784 1706 Ilgenii
1820 1644 2136 1707 ἀπαρχόμενος
2174 1652 2267 1706 jure
2305 1652 2590 1707 praetulerim.

330 1732 399 1772 Ab
439 1731 524 1772 hoc
559 1737 705 1771 autem
741 1730 964 1782 participio
1003 1730 1224 1784 genitivus
1263 1723 1411 1785 ὕμνων
1449 1729 1622 1783 pendet,
1659 1742 1743 1783 quo
1781 1730 1954 1770 nomine
1991 1731 2189 1785 singulas
2222 1732 2359 1772 totius
2388 1731 2592 1772 carminis

330 1816 477 1862 partes
507 1809 744 1863 significari
774 1808 867 1861 jam
897 1808 1184 1850 Ruhnkenius
1209 1800 1446 1864 perspexit.
1506 1807 1673 1850 Deinde
1701 1809 1862 1850 clarum
1891 1817 1964 1850 est
1991 1810 2127 1850 verba
2157 1804 2207 1851 ἐκ
2235 1804 2413 1865 πρώτης
2437 1804 2592 1851 παιδὸς

272 1912 273 1916 =
331 1902 417 1929 non
456 1901 592 1941 posse
627 1886 809 1942 intelligi
845 1886 931 1928 nisi
968 1885 1023 1928 de
1051 1886 1184 1937 moen,
1215 1899 1327 1941 quae
1365 1887 1407 1928 si
1436 1893 1554 1928 recte
1579 1900 1630 1929 se
1663 1887 1794 1928 habet
1833 1885 1961 1929 codd.
2000 1889 2227 1941 scriptura,
2265 1889 2400 1941 prima
2424 1884 2590 1936 dicitur,

333 1967 534 2021 quoniam
580 1966 633 2007 ab
680 1964 778 2019 ejus
816 1966 988 2007 nomine
1026 1959 1077 2022 (ἢ
1119 1960 1212 2021 οἵη)
1255 1978 1539 2019 unaquaeque
1577 1966 1759 2007 narratio
1798 1967 2042 2020 incipiebat.
2099 1967 2285 2008 Multum
2321 1975 2465 2008 tamen
2492 1965 2593 2006 huic

333 2044 610 2098 explicationi
638 2044 816 2100 egregia
844 2049 1040 2098 praestat
1069 2042 1327 2095 emendatio,
1358 2056 1486 2098 quam
1515 2042 1586 2085 Fr.
1615 2043 1804 2086 Palmius
1840 2057 2010 2087 mecum
2039 2045 2388 2098 communicavit,
2423 2039 2476 2098 ἐξ
2501 2038 2591 2099 ἐρα·

331 2122 428 2178 τῆς.
459 2122 574 2178 quod
603 2124 700 2166 sive
730 2122 929 2164 amabilis
967 2123 1067 2164 sive
1096 2130 1238 2165 amata
1267 2123 1420 2176 vertis,
1460 2130 1509 2164 ut
1547 2130 1617 2166 est
1645 2122 1756 2177 apud
1786 2125 1904 2178 Tyrt.
1934 2124 1978 2177 ⁸7,
2007 2125 2081 2168 29.
2112 2122 2429 2166 Schneidewin.
2467 2114 2616 2163 Pinus

331 2201 398 2244 01.
438 2202 519 2255 Xl,
557 2201 644 2252 99„
682 2202 784 2244 huic
821 2202 918 2243 loco
958 2202 1117 2255 optime
1155 2203 1358 2244 convenit
1396 2213 1548 2257 neque¹
1565 2204 1704 2244 solum
1733 2204 1980 2246 mutationis
2016 2205 2210 2256 lenitate,
2249 2203 2329 2246 sed
2368 2203 2497 2244 etiam
2534 2214 2590 2242 eo

331 2283 519 2324 maxime
553 2282 765 2335 probatur,
806 2279 923 2335 quod·
956 2281 1272 2324 Hermesianax
1310 2282 1396 2323 hoc
1433 2283 1689 2324 vocabulum
1731 2284 1783 2323 ab
1823 2283 1918 2336 ipso
1948 2281 2145 2325 Hesiodo
2175 2282 2344 2325 videtur
2371 2286 2592 2324 mutuatus

333 2373 455 2415 esse,
493 2373 620 2418 quem
660 2366 835 2403 constat
871 2360 1051 2414 primum
1088 2360 1174 2403 hoc
1212 2360 1433 2415 epitheton
1462 2374 1562 2404 cum
1599 2362 1796 2416 personis
1836 2360 2132 2415 conjunxisse.
2192 2361 2323 2403 Porro
2362 2361 2592 2416 quaeritur,
2613 2413 2625 2422 .

332 2452 417 2495 quo
451 2438 549 2495 jure
588 2445 746 2494 poetae
782 2438 948 2483 licuerit
986 2439 1027 2480 in
1067 2439 1317 2482 hexametro
1356 2439 1500 2483 dicere
1537 2436 1683 2497 λόγων
1720 2431 2009 2496 ἀνεγράψατο
2048 2435 2260 2492 βίβλους.
2305 2451 2435 2495 quum
2473 2436 2592 2481 ismd

334 2530 507 2561 carmen
527 2512 612 2560 un'o
643 2524 813 2561 tantum·
837 2517 942 2560 libro
973 2517 1214 2561 constiterit
1243 2518 1299 2562 cf.
1329 2517 1751 2563 Marckscheffelium
1781 2519 1808 2561 l.
1836 2531 1876 2561 c.
1907 2532 1950 2577 p.
1984 2518 2081 2562 109.
2142 2518 2232 2562 Sed
2261 2518 2345 2573 jam
2373 2519 2459 2561 iste
2477 2523 2596 2560 tem-

337 2610 443 2652 pore
473 2597 613 2640 fuisse
643 2596 858 2650 videntur,
894 2596 967 2651 qui
1010 2595 1156 2639 Eoeas
1187 2609 1287 2640 cum
1313 2598 1632 2651 aliomarmine,
1670 2598 1740 2640 cui
1769 2598 1921 2640 titulus
1952 2604 2046 2640 erat
2075 2591 2348 2653 Κατ-ἄλογος
2377 2597 2476 2639 sive
2504 2595 2595 2639 Κα-

332 2671 524 2730 τάλογοι
561 2674 792 2731 γυναικῶν,
840 2672 1152 2730 conjungerent
1189 2682 1415 2730 totumque
1448 2689 1560 2730 opus
1599 2674 1801 2731 Catalogi
1837 2677 2008 2718 nomine
2046 2676 2337 2718 inscriberent.
2397 2675 2599 2729 Apparet

337 2755 467 2811 igitur
494 2755 897 2797 Hermesianactem
928 2753 983 2795 de
1013 2759 1105 2796 toto
1136 2754 1223 2797 ho'c
1251 2768 1383 2810 opere
1413 2756 1634 2812 cogitasse
1658 2753 1787 2809 idque
1815 2754 2040 2798 indicasse
2067 2754 2212 2797 verbis
2227 2748 2374 2810 λόγων
2392 2733 2598 2806 βίβλους

333 2844 361 2883 i.
392 2846 431 2873 e.
462 2833 748 2874 narrationum
776 2832 932 2886 libros3
963 2844 1094 2886 quum
1124 2834 1238 2874 enim
1264 2833 1545 2875 Alexandrini
1573 2834 1653 2874 tria
1680 2845 1843 2888 genera
1870 2834 2022 2886 poesis
2051 2834 2095 2874 in
2112 2831 2309 2874 Hesiodo
2337 2831 2596 2874 distinxisse

333 2909 559 2952 videantur
587 2911 643 2951 cf.
675 2909 929 2953 Diomedem
959 2911 1285 2966 grammaticum
1315 2925 1356 2966 p.
1385 2912 1485 2955 480.
1513 2911 1687 2953 Putsch.
1719 2909 2064 2968 Catalogumque
2087 2912 2130 2954 in
2146 2911 2355 2952 historico
2371 2912 2596 2965 posuerint

334 3002 506 3046 genere,
537 2988 580 3030 id
609 2990 751 3044 ipsum
782 2996 955 3043 poetam
984 2990 1197 3031 vocabulo
1227 2986 1374 3047 λόγων
1404 2990 1590 3033 indicare
1617 2990 1813 3030 voluisse
1844 3002 1897 3030 eo
1916 2991 2056 3047 magis
2078 2990 2298 3042 existimo,
2329 2990 2443 3046 quod
2462 2996 2592 3032 antea

334 3068 572 3111 Hesiodum
611 3062 758 3123 πάσης
787 3061 944 3126 ἤρανον
973 3067 1173 3127 ἱστορίης
1201 3071 1521 3124 nuncupaverit.
1580 3069 1735 3110 Restat
1763 3067 2026 3123 adjectivum
2057 3062 2221 3116 πάσας,
2253 3070 2365 3124 quod
2395 3071 2478 3111 nisi
2508 3070 2594 3112 isto

329 3146 422 3201 jam
452 3154 660 3201 tempore,
691 3146 805 3202 quod
834 3150 1076 3202 posteriore
1105 3155 1249 3190 aetate
1280 3149 1440 3190 factum
1471 3161 1574 3190 esse
1603 3154 1867 3201 compertum
1896 3148 2122 3200 habemus,
2154 3149 2400 3190 alterutrum
2420 3161 2595 3210 carmen

337 3240 364 3269 a
393 3226 610 3269 nonnullis
637 3224 837 3268 Hesiodo
867 3226 1159 3282 abJudicatum
1191 3227 1333 3270 fuisse
1361 3229 1501 3282 iisque
1530 3232 1698 3281 poetam
1732 3226 1892 3267 diserte
1921 3227 2098 3283 obloqui
2126 3230 2322 3270 voluisse
2346 3232 2598 3282 statuimus,

336 3306 411 3347 vix
451 3310 600 3360 potest
635 3302 821 3378 defendi.
881 3303 1008 3358 Quod
1048 3317 1204 3359 quum
1215 3305 1441 3362 admodum
1473 3306 1532 3347 sit
1558 3305 1781 3359 incertum,
1820 3318 1906 3348 non
1935 3318 2135 3361 possum,
2173 3307 2275 3361 quin
2306 3304 2598 3362 conjecturam
