2920 3800
1283 224 1626 297 -718-

333 365 479 403 autem
509 349 647 415 posse
676 372 836 418 graece
865 358 953 404 dici
981 375 1095 405 unns
1125 363 1300 420 negabit
1331 362 1564 416 Cobetius3
1604 362 1818 405 simillime
1847 361 1973 404 enim*
1987 361 2137 418 graeci
2162 361 2396 415 scriptores
2425 358 2580 420 διατρί-

265 458 271 462 ·
331 436 425 491 βειν
462 435 558 498 περί
596 453 643 482 τι
676 439 930 484 sexcenties
967 449 1215 495 posuerunt.
1277 440 1402 495 Quae
1440 443 1479 485 si
1519 449 1638 485 recte
1674 456 1702 485 a
1741 455 1811 485 me
1848 441 2067 496 disputata
2103 447 2218 494 sunt,
2256 442 2333 483 vix
2371 454 2491 496 opus·
2511 449 2581 486 est

331 517 490 560 addere
520 519 864 561 emendationem
894 503 1084 577 Bergkii,
1114 521 1186 573 qui
1215 532 1291 573 pro
1320 520 1468 561 verbis
1496 517 1623 576 θοήν,
1654 518 1749 577 περί
1778 521 1910 563 edidit
1936 518 2065 576 θερῆν
2093 515 2211 575 πυρί,
2242 531 2347 561 esse
2360 520 2580 574 inutilem3

332 609 477 652 neque
505 598 615 640 haec
644 598 894 652 conjectura
923 609 1109 653 unquam
1139 604 1293 652 posset
1318 599 1508 652 probari,
1545 610 1644 640 nam
1675 597 1812 640 sonna
1839 597 1971 656 Sepiy'v,
1999 611 2074 653 pro
2101 596 2276 655 ,θερῆναι
2305 609 2482 652 prorsus
2511 604 2582 641 est

330 677 550 729 inusitata,
592 682 637 718 et
678 688 808 731 quum
844 683 974 731 poeta
1003 676 1214 718 Philetam
1244 676 1401 718 dixerit
1427 674 1642 720 Battidem
1673 676 1933 719 carminibus
1963 677 2223 728 celebrasse,
2264 676 2376 718 satis
2407 674 2580 728 diserte,

332 756 493 809 opinor,
529 755 693 797 indicat
732 767 830 796 eum
867 755 982 796 illius
1022 767 1167 796 amore
1205 755 1430 813 flagrasse,
1468 748 1775 811 hypostigmen
1812 755 1923 795 euim
1963 746 2062 798 cum
2091 755 2276 812 Bergkio
2306 760 2408 809 post
2434 753 2580 811 θῆκαν

333 832 579 889 ponendum
611 840 655 876 et
685 835 952 890 participium
983 828 1279 892 μολπάζοντα
1310 848 1363 877 ex
1379 834 1511 877 verbo
1544 826 1678 877 οἶσθα
1708 838 1869 888 aptum,
1899 831 2054 876 deinde
2082 830 2318 892 τρυόμενον
2346 833 2580 888 praedicati

330 913 429 954 loco
458 913 544 968 ipsi
572 918 730 968 poetae
757 913 919 955 nomini
948 912 1163 967 adjectum
1198 925 1300 956 esse
1330 913 1546 955 existimo.

509 1004 552 1032 v.
583 991 655 1034 79.
686 997 731 1033 et.
758 990 828 1033 80.
905 982 1007 1032 οὐδὲ
1036 987 1118 1048 μὲν
1149 983 1240 1033 οὐδ’
1271 987 1419 1034 ὁπόσοι
1450 986 1642 1047 σκληρὸν.
1668 985 1769 1043 βίον
1798 984 2041 1044 ἐστήσαντο
2100 1024 2104 1028 .

988 1064 1242 1127 ἀνθρώπων,
1276 1065 1454 1126 σκολιὴν
1482 1065 1705 1127 μαιόμενοι
1735 1064 1909 1124 σοφίην,

336 1149 491 1203 quibus
528 1148 756 1191 transitum
794 1149 878 1190 sibi
908 1156 1040 1202 poeta
1070 1149 1124 1190 ad
1153 1150 1435 1203 philosophos
1465 1132 1598 1202 parat,
1620 1149 1769 1190 nolim
1799 1146 1981 1188 Porsoni
2017 1145 2306 1200 conjecturam
2335 1143 2579 1203 ἐκτήσαντο

331 1227 532 1269 librorum
564 1227 804 1282 scripturae
834 1222 1076 1284 ἐστήσαντο
1108 1227 1337 1283 praeferre,
1375 1241 1503 1283 quum
1547 1222 1756 1269 ἵστασθαι
1784 1221 1885 1277 βίον
1914 1237 1992 1280 pro·
2022 1221 2323 1267 καθίστασθαι
2351 1223 2453 1276 βίον
2483 1229 2510 1269 i.
2542 1242 2580 1269 e.

333 1306 417 1348 sibi
448 1307 712 1347 constituere
742 1306 840 1347 sive
869 1307 1094 1348 instituere
1123 1307 1257 1349 vitam
1289 1321 1345 1349 ex
1374 1320 1458 1349 usu
1480 1299 1747 1349 Graecorum
1776 1311 1893 1345 recte
1919 1301 2006 1344 dici
2023 1316 2158 1356 posse
2171 1301 2382 1344 videatur.
2426 1304 2583 1359 Neque

334 1385 380 1426 in
409 1389 677 1438 pentametro
705 1384 999 1426 Heinrichium
1036 1384 1133 1440 jure
1169 1387 1213 1426 in
1254 1385 1472 1439 adjectivo
1513 1380 1693 1439 σκολιὴν
1729 1382 1967 1424 offendisse
1996 1387 2039 1423 et
2068 1393 2144 1435 pro
2174 1394 2227 1423 eo
2259 1379 2439 1437 σκοτίην
2469 1385 2582 1425 scri-

338 1451 486 1517 psisse
523 1463 827 1515 concesserim,
867 1462 1210 1517 quandoquidem
1241 1465 1370 1505 etiam
1401 1464 1444 1506 in
1474 1465 1561 1505 isto
1591 1462 1805 1503 vocabulo
1835 1473 1900 1512 ea,
1937 1472 2063 1514 quam
2093 1461 2160 1502 vir
2190 1459 2468 1503 doctissimus
2497 1462 2584 1504 hoc

336 1542 436 1583 loco
465 1540 708 1595 requisivit,
746 1544 963 1584 sententia
999 1543 1113 1584 inest
1152 1543 1208 1585 cf.
1240 1543 1350 1584 Plut.
1381 1543 1549 1584 Morall.
1581 1556 1622 1595 p.
1652 1540 1753 1582 676.
1785 1525 1854 1592 D„
1892 1540 1964 1592 qui
1993 1534 2246 1596 ἐπίγραμμα
2275 1536 2452 1581 σκολιόν
2482 1542 2510 1582 i.
2541 1556 2582 1602 e,

336 1619 568 1661 obscurum
582 1616 700 1672 dicit,
714 1620 839 1661 Dion.
853 1621 950 1662 Hal.
960 1620 1051 1674 jud.
1068 1622 1203 1663 Thuc.
1217 1622 1288 1672 40,
1306 1621 1342 1662 1.
1359 1617 1641 1676 λαβυρίνθων
1657 1612 1966 1672 σκολιῶτεραί.
1983 1629 2020 1657 e.
2035 1618 2292 1659 tortuosiora
2306 1619 2579 1673 respondere.

509 1710 552 1738 v.
582 1697 653 1740 81.
686 1705 729 1739 et
758 1698 843 1749 82,
875 1699 946 1753 qui
979 1712 1033 1740 ex
1065 1700 1265 1741 librorum
1296 1701 1553 1740 auctoritate
1582 1699 1714 1752 vulgo
1745 1697 1812 1738 sic
1842 1695 2092 1737 edebantur·
2587 1690 2591 1695 ’

754 1770 834 1820 οὓς
865 1769 980 1829 αὑτὴ
1014 1768 1168 1827 (αὐτοὶ
1199 1776 1259 1830 Β)
1291 1773 1384 1832 περὶ
1414 1772 1548 1833 πικρὰ
1578 1770 1732 1829 λόγοις
1762 1769 2011 1827 ἐσφίγξατο
2044 1772 2176 1827 μῆτις

817 1849 890 1894 καὶ
921 1850 1027 1909 δεινὴ
1059 1850 1214 1911 μύθων
1244 1852 1379 1911 κῆδος
1411 1851 1571 1906 (κῦδος
1601 1854 1754 1904 pvb.)
1787 1845 1941 1908 ἔχουσ”
1972 1847 2117 1907 ἀρετή,

338 1932 588 1986 multiplicis
626 1931 788 1974 habent
823 1946 975 1975 ansam
1014 1935 1373 1988 reprehensionis.
1433 1934 1492 1977 Ut
1531 1934 1641 1975 enim
1675 1933 1791 1987 prius
1822 1931 1876 1972 de
1905 1931 2152 1981 hexametro
2180 1931 2333 1984 dicam,
2372 1933 2448 1973 vix
2476 1945 2580 1986 pro-

339 2010 496 2051 babilis
536 2011 579 2050 in
619 2024 671 2052 eo
708 2012 821 2053 inest
861 2015 1091 2066 sententia,
1130 2027 1269 2068 neque
1308 2015 1346 2056 si
1387 2015 1613 2067 plerosque
1644 2010 1832 2054 editores
1863 2012 2003 2053 secuti
2031 2010 2163 2053 veiha
2192 2011 2234 2052 in
2264 2011 2379 2053 hunc
2408 2010 2582 2053 modum

338 2088 591 2144 conjuncta:
633 2084 714 2135 οὓς
751 2083 866 2146 αὐτὴ
906 2091 1042 2148 μῆτις
1081 2089 1424 2148 περιεσφίγξατο
1464 2088 1597 2149 πικρὰ
1635 2087 1803 2146 λόγοις,
1834 2091 2097 2144 interpretati
2129 2091 2305 2132 erimus:
2345 2103 2454 2145 quos
2483 2091 2583 2147 ips-a

336 2166 566 2222 prudentia
603 2181 749 2211 amare
778 2171 806 2211 i.
838 2184 876 2211 e.
908 2173 951 2211 in
989 2184 1190 2227 magnam
1228 2173 1432 2225 ipsorum,
1476 2173 1547 2225 qui
1578 2184 1630 2212 se
1659 2172 1880 2224 sapientes
1905 2167 2142 2222 jactabant,
2177 2171 2432 2220 molestiam,
2472 2182 2582 2210 con-

342 2248 513 2287 strinxit
542 2248 966 2299 ratiocinationibus;
1004 2262 1146 2303 neque
1175 2250 1215 2290 si
1243 2250 1477 2290 Hermanni
1509 2250 1754 2303 conjectura
1784 2238 1866 2301 αὗή
1915 2259 1989 2300 pro
2040 2239 2154 2303 αὐτή
2192 2248 2371 2301 probata
2409 2254 2582 2301 poetam

337 2323 509 2366 dixisse
540 2327 858 2378 putaverimus:
891 2339 1002 2380 quos
1034 2327 1242 2368 anhelans
1273 2339 1374 2368 cura
1403 2327 1661 2380 disputando
1693 2325 1747 2366 de
1776 2326 1904 2366 rebus
1935 2326 2093 2367 amaris
2111 2327 2364 2367 macilentos
2381 2325 2582 2378 reddidit;

337 2415 450 2456 quae
483 2403 581 2443 ferri
611 2417 695 2443 non
726 2416 862 2456 posse
892 2411 1008 2445 recte
1040 2404 1250 2445 Cobetius
1282 2406 1308 2445 l.
1341 2406 1366 2445 1.
1397 2405 1573 2445 monuit.
1634 2406 1784 2458 ltaque
1815 2415 1899 2445 non
1929 2404 2079 2444 mirum
2111 2409 2192 2454 est,
2224 2401 2336 2457 quod
2366 2402 2446 2445 viri
2465 2403 2582 2445 docti

335 2481 447 2520 alius
485 2481 570 2521 alia
608 2482 771 2520 ratione
817 2482 1030 2537 corrigere
1066 2481 1182 2522 hunc
1218 2494 1393 2523 versum
1430 2482 1702 2534 studuerunt3
1749 2481 1866 2535 mihi,
1906 2494 1961 2523 ne
1997 2481 2151 2537 longus
2191 2481 2287 2533 sim,
2339 2480 2580 2523 emendatio

335 2559 531 2611 Porsoni,
574 2559 645 2614 qui
683 2571 760 2612 pro
800 2553 933 2616 πικρά
962 2561 1107 2614 posuit
1135 2555 1280 2603 πυκνά
1310 2561 1467 2603 ceteris
1498 2563 1673 2603 multum
1703 2560 1873 2602 videtur
1902 2566 2138 2614 praestare,
2178 2560 2333 2614 quippe
2364 2572 2448 2614 qua
2479 2560 2580 2600 effi-

336 2638 486 2690 ciatur,
526 2642 574 2678 ut
614 2637 777 2690 reliqua
805 2639 939 2679 verba
968 2639 1129 2680 intacta
1158 2640 1327 2680 retineri
1358 2640 1714 2694 probabiliterque
1747 2639 1953 2692 explicari
1984 2638 2166 2691 possint.
2224 2638 2323 2679 Jam
2355 2637 2581 2678 videamus

336 2714 389 2756 de
419 2715 619 2771 singulis.
671 2716 740 2769 Ac
776 2716 955 2768 primum
992 2717 1162 2771 quidem
1199 2732 1284 2760 non
1320 2717 1489 2758 videtur
1528 2717 1717 2770 dubium,
1757 2718 1857 2772 quin
1893 2723 2023 2770 poeta
2061 2715 2192 2771 μῆτιν
2228 2715 2312 2757 hoc
2349 2716 2445 2756 loco
2484 2726 2581 2756 eam

338 2793 490 2834 dixerit
530 2795 747 2845 virtutem,
792 2795 861 2834 cui
899 2797 1028 2851 vulgo
1068 2796 1181 2849 apud
1218 2797 1500 2851 philosophos
1541 2793 1750 2853 φρόνησις
1781 2808 1935 2836 nomen
1966 2801 2050 2846 est,
2081 2800 2150 2834 est
2179 2795 2306 2849 igitur
2335 2791 2579 2848 prudentia3

336 2866 464 2925 λόγοι
505 2880 649 2913 autem
688 2880 789 2914 sunt
827 2876 1015 2915 rationes
1055 2876 1109 2915 cf.
1142 2876 1249 2915 Plat.
1283 2873 1414 2926 Gorg.
1446 2888 1488 2928 p.
1518 2876 1616 2915 509.
1648 2876 1702 2914 A.
1745 2870 1911 2914 δέδεται
1951 2869 2139 2928 σιδηροῖς
2169 2869 2240 2912 καὶ
2271 2868 2582 2926 ἀδαμαντίνοις

334 2945 503 3004 λόγοις.
562 2951 729 2992 Deinde
767 2953 946 2994 verbum
985 2949 1286 3007 περισφίγγειν
1321 2961 1391 2994 est
1431 2966 1537 2995 sane
1578 2954 1884 3009 constringere,
1924 2953 2099 3003 vincire,
2139 2950 2218 2992 sed
2249 2951 2376 2991 etiam
2409 2951 2585 3004 cingere

336 3029 364 3068 i.
399 3042 436 3069 e.
467 3029 680 3069 instruere
710 3036 755 3071 et
784 3032 1031 3085 complecti,
1071 3031 1184 3072 unde
1215 3031 1384 3073 velandi
1415 3038 1506 3072 orta
1537 3036 1606 3073 est
1635 3032 1774 3084 noti03
1809 3031 1869 3073 cf.
1899 3028 2077 3083 Emped.
2121 3029 2215 3071 168.
2256 3028 2401 3070 Sturz.
2442 3023 2582 3068 Τιτὰν

339 3099 402 3159 ἧδ’
425 3102 556 3162 αἰθὴρ
578 3103 783 3162 σφίγγων
800 3105 894 3166 πέρι
914 3104 1083 3150 κύκλον
1101 3103 1289 3151 ἅπαντα.
1351 3111 1480 3151 Anth.
1501 3111 1591 3152 Pal.
1613 3111 1654 3161 6,
1685 3111 1757 3162 74,
1787 3110 1834 3150 8:
1864 3107 1995 3165 χεῖρα
2014 3103 2290 3163 περισφίγξω
2319 3101 2580 3162 χρυσοδέτςυ

341 3180 549 3238 σπατάλη
581 3186 609 3226 i.
643 3198 680 3225 e.
713 3186 904 3241 cingam3
934 3189 991 3229 ib.
1024 3188 1065 3238 5,
1102 3188 1196 3239 104,
1226 3189 1275 3230 3:
1308 3181 1358 3229 οὔ
1383 3201 1428 3228 σε
1458 3185 1729 3243 περισφίγγει
1758 3183 1926 3230 λεπτὸς
1955 3182 2253 3242 στολιδῶμασι
2281 3179 2455 3227 πέπλος
2483 3184 2510 3224 i.
2543 3196 2581 3223 e·

338 3263 475 3318 cingit
504 3276 541 3305 s.
573 3264 706 3305 velat.
768 3261 912 3316 Quare
954 3275 998 3309 et
1040 3267 1126 3308 hoc
1156 3262 1252 3308 loco
1283 3268 1460 3309 verbum
1491 3265 1784 3324 περισφίγγειν
1814 3266 2057 3323 significare
2086 3266 2327 3320 putaverim
2357 3262 2586 3316 complecti
