2920 3800
1294 228 1636 282 -22-

333 359 580 420 Κυρηναῖον
618 364 827 405 insertum
866 369 937 406 est
977 360 1035 412 63
1082 376 1210 420 quum
1239 372 1382 408 tamen
1414 370 1549 420 prima
1577 368 1708 423 hujus
1736 368 1863 411 vocis
1892 367 2063 423 syllaba
2092 367 2355 421 saepissime
2381 368 2590 424 producta

333 444 601 496 inveniatur,
646 442 888 499 elegantius
924 441 1096 485 videtur
1133 456 1188 485 ex
1225 445 1441 487 sententia
1479 447 1715 489 Hermanni
1751 445 1962 501 particula
1999 441 2044 488 δέ
2084 445 2275 489 seeundo
2317 448 2415 489 loeo
2443 438 2590 502 posita

333 523 544 564 scribere:
595 514 727 577 ἄνδρα
773 517 820 562 δὲ
854 519 1099 578 Κυρηναῖον
1145 516 1229 562 ἔσω
1275 518 1422 567 πόθος
1466 518 1662 567 ἔσπασεν·
1685 521 1887 584 Ἰσθμοῦ.
1947 523 2114 568 Deinde
2150 537 2197 565 v.
2232 507 2304 567 96.
2342 524 2589 570 Ruhnkenii

334 601 579 644 emendatio
619 596 752 645 δεινός
786 613 863 654 pro
904 597 1032 642 δεινόν
1063 600 1161 654 jure
1190 601 1245 642 ab
1276 603 1474 644 omnibus
1505 602 1740 644 editoribus
1770 617 1856 646 uno
1886 610 2070 659 excepto
2100 604 2264 646 Baebio
2295 610 2365 646 est
2394 604 2587 658 probata,

332 693 465 737 quum
495 680 564 722 vel
593 685 766 734 propter
802 679 1129 722 collocationem
1158 679 1386 722 verborum
1428 683 1504 723 vix
1544 682 1746 724 credibile
1783 683 1842 724 sit
1871 682 1956 725 hoc
1986 682 2206 737 epitheton
2236 681 2290 724 ad
2321 674 2454 740 ἄνδρα
2484 695 2590 725 esse

334 758 617 808 referendum,
657 770 801 812 neque
840 758 962 809 bene,
1002 757 1074 810 qui
1114 757 1199 798 hoc
1236 770 1369 799 versu
1407 758 1561 801 dicitur
1598 755 1741 807 δεινός,
1787 761 1988 815 sequenti
2034 761 2272 802 nominetur
2310 755 2431 815 ὀξύς,
2473 758 2588 815 quod

337 838 517 880 eandem
548 836 640 877 fere
669 836 801 876 habet
830 835 1202 890 significationem.
1261 837 1359 878 Nec
1389 839 1532 880 minus
1564 846 1682 880 recte
1701 840 1972 879 Hermannus
2004 839 2157 880 eodem
2189 852 2321 880 versu
2337 851 2588 893 perversam

333 907 534 958 librorum
566 915 819 968 scripturam
851 908 1061 969 άπιδανῆς
1091 914 1133 954 in
1164 908 1383 970 α’πιθάνης
1422 915 1594 958 videtur
1622 924 1840 968 mutasse,
1871 915 1986 970 quod
2016 924 2219 970 quantum
2250 924 2423 972 propter
2451 918 2588 971 ipsius

334 995 586 1038 mutationis
617 994 837 1039 lenitatem
881 993 1069 1046 Emperii
1102 993 1400 1046 conjecturae:
1442 992 1589 1041 δεινός,
1621 993 1700 1037 τὸν
1730 995 1922 1050 Σικανῆς
1954 991 2120 1038 Λαΐδος·
2148 989 2358 1052 {peciam-o,
2397 1003 2589 1051 praestet

333 1086 418 1114 non
455 1076 566 1126 opus
605 1079 676 1114 est
714 1084 887 1113 monere
924 1072 1197 1126 maximeque
1245 1087 1298 1114 eo
1338 1073 1634 1126 confirmatur,
1683 1073 1797 1130 quod
1845 1075 1915 1114 alii
1963 1087 2134 1128 quoque
2179 1076 2413 1128 scriptores
2459 1076 2588 1116 istam

334 1152 605 1193 meretricem
645 1151 963 1193 celeberrimam
1002 1149 1120 1192 aditu
1152 1151 1446 1194 difficillimam
1479 1153 1621 1194 tuisse
1649 1152 1924 1207 prodiderunt
1953 1152 2009 1194 cf.
2040 1152 2141 1192 Atb.
2172 1152 2291 1192 Xlll.
2322 1153 2422 1194 5⁸70.
2452 1154 2502 1194 B.
2534 1152 2588 1195 C.

333 1231 438 1272 585.
467 1231 522 1272 1).
554 1231 652 1272 Ael.
683 1243 772 1270 var.
803 1230 905 1270 hist.
936 1230 1033 1281 ΧΠ,
1064 1230 1105 1270 5.
1135 1231 1258 1282 XIV,
1289 1230 1359 1271 35.
1421 1232 1617 1285 Denique
1646 1233 1689 1271 in
1719 1214 1879 1273 ultimis
1909 1231 2056 1271 verbis
2087 1230 2366 1272 emendandis
2390 1231 2588 1273 diversas

333 1309 432 1351 vias
462 1309 545 1350 viri
575 1308 691 1350 docti
721 1315 822 1350 suut
851 1308 1050 1364 ingressi.
1110 1309 1386 1351 Hermannus
1419 1309 1531 1350 enim
1562 1309 1777 1351 Athenaei
1806 1310 2052 1351 testimonio
2084 1322 2208 1363 usus,
2240 1311 2312 1365 qui
2340 1323 2381 1365 p.
2411 1310 2510 1352 588.
2537 1311 2587 1351 E.

331 1390 600 1443 Aristippum
649 1400 746 1428 cum
783 1387 918 1428 Laide
966 1391 1195 1441 quotannis
1235 1388 1547 1441 Neptuniorum
1597 1395 1790 1442 tempore
1827 1402 1878 1430 se
1913 1390 2125 1444 Aeginam
2165 1390 2406 1431 contulisse
2444 1396 2588 1430 narrat

333 1466 388 1508 cf.
420 1467 476 1508 ib.
508 1478 550 1520 p.
582 1465 681 1508 544.
713 1465 779 1518 D„
813 1471 984 1519 poetam
1017 1467 1270 1520 suspicatus
1301 1473 1369 1507 est
1402 1465 1658 1518 scripsisse:
1708 1451 1722 1503 i

999 1540 1180 1601 φεύγων
1211 1537 1444 1600 εὖλιμὲνων
1473 1540 1524 1600 ἐξ
1554 1537 1759 1602 Ἐφύρης
1789 1541 1923 1605 ὁρίων.

331 1628 392 1668 At
433 1638 560 1667 nemo
601 1638 656 1665 ex
696 1624 766 1665 his
803 1625 950 1666 verbis
991 1627 1179 1678 potuerit
1217 1625 1432 1678 colligere,
1474 1637 1558 1678 quo
1602 1625 1759 1680 sugerit
1801 1609 2062 1678 Aristippus,
2102 1637 2231 1679 quum
2261 1624 2391 1665 istius
2419 1624 2588 1665 insulae

333 1705 451 1746 nulla
481 1704 558 1745 fiat
586 1704 765 1756 mentio,
796 1716 1051 1758 omnesque,
1083 1704 1194 1745 haec
1224 1704 1263 1743 si
1282 1703 1517 1756 posuisset,
1545 1702 1642 1757 jure
1660 1709 1832 1756 poetam
1848 1703 2122 1744 obscuritatis
2137 1710 2376 1760 arguerent.
2420 1701 2587 1744 Deinde

331 1784 467 1837 primo
506 1782 720 1834 adspectu
760 1788 941 1834 apparet
976 1783 1109 1823 verba
1146 1784 1198 1823 ab
1238 1783 1483 1822 Hermanno
1524 1782 1680 1834 posita-
1713 1782 1887 1821 nimium
1919 1793 1945 1822 a
1975 1781 2098 1823 codd.
2130 1783 2340 1835 scriptura
2371 1780 2585 1822 recedere.

332 1860 503 1914 Quibus
535 1859 748 1901 adductus
779 1860 928 1901 causis
960 1859 1105 1901 facere
1135 1874 1219 1902 non
1241 1873 1431 1914 possum,
1462 1860 1575 1913 quin,
1609 1860 1759 1901 missis
1791 1860 1902 1910 aliis,
1934 1859 2255 1901 Schneidewini
2275 1860 2585 1914 conjecturam:

334 1930 428 1982 οὐδ’
458 1934 628 1993 ἀνέμων
666 1933 919 1992 ἐξεφόβησε
956 1934 1035 1994 βίη
1075 1938 1328 1993 praeferam,
1367 1938 1523 1993 quippe
1561 1951 1673 1992 quae
1710 1938 1871 1980 leniore
1913 1939 2156 1980 mutatione
2188 1939 2247 1979 sit
2291 1937 2449 1980 effecta
2478 1950 2586 1980 sen-

330 2019 598 2072 tentiamque
637 2017 843 2070 praebeat
886 2018 1170 2071 aptissimam.
1208 2018 1405 2060 vScimus
1443 2019 1554 2059 enim
1586 2017 1835 2059 auctoribus
1857 2017 1994 2073 ,Diog.
2026 2018 2077 2059 [ι.
2109 2019 2161 2068 ΙΙ,
2192 2018 2262 2060 71.
2295 2025 2339 2059 et
2366 2019 2464 2059 Ael.
2494 2030 2585 2058 var.

327 2098 431 2140 hist.
471 2096 550 2148 lX,
591 2094 661 2138 20.
712 2096 981 2149 Aristippum
1021 2110 1149 2150 quum
1191 2098 1441 2139 Corinthum
1482 2099 1720 2152 navigaret,
1758 2097 2098 2149 'tempestatibus
2137 2086 2420 2149 laboravisse,
2461 2098 2586 2151 cujus

329 2177 391 2219 rei
421 2174 591 2217 videtur
620 2181 753 2228 poeta
783 2188 946 2216 memor
977 2175 1131 2218 fuisse.
1191 2177 1268 2219 Sic
1298 2178 1407 2219 bene
1437 2175 1630 2231 procedit
1663 2154 1869 2216 narratio:
1899 2176 2148 2230 Aristippus
2177 2182 2296 2218 tanto
2332 2176 2482 2220 Laidis
2512 2189 2585 2218 ar-

332 2254 464 2297 debat
510 2268 668 2306 amore‚
710 2262 759 2295 ut
803 2254 1057 2296 Corinthum
1090 2256 1294 2309 abreptus
1331 2269 1500 2297 omnem
1539 2255 1854 2309 philosophiam
1884 2262 2163 2309 postponeret
2194 2261 2237 2296 et
2266 2269 2320 2295 ne
2348 2261 2586 2309 tempesta-

334 2335 453 2376 tibus
486 2332 658 2387 quidem
698 2335 752 2375 ab
793 2335 966 2386 incepto
997 2335 1147 2374 itinere
1177 2335 1469 2376 deterreretur.
1531 2333 1656 2386 Quod
1689 2341 1831 2374 autem
1863 2335 2128 2387 participium
2161 2330 2338 2388 φεύγων
2368 2315 2587 2374 tunicum

330 2411 692 2466 praecedentibus
729 2413 788 2452 sit
828 2411 1191 2466 conjungendum,
1230 2414 1359 2453 nolim
1400 2411 1601 2468 frigidum
1642 2425 1747 2453 esse
1784 2418 1988 2463 statuere,
2040 2423 2169 2465 quum
2207 2412 2290 2452 isto
2330 2410 2476 2453 addito
2513 2412 2585 2452 vis

329 2492 449 2533 verbi
488 2483 676 2545 ἦνήνατο
718 2492 865 2546 augeri
901 2491 1112 2542 videatur,
1154 2491 1256 2533 ordo
1295 2500 1438 2533 autem
1479 2495 1707 2534 verborum
1747 2505 1800 2532 eo
1841 2490 2107 2544 defendatur,
2149 2490 2262 2544 quod
2299 2493 2445 2533 multis
2474 2493 2585 2533 locis

331 2569 386 2610 cf.
416 2583 459 2610 v.
491 2571 532 2610 2.
566 2570 607 2610 8.
639 2571 710 2612 20.
742 2571 812 2611 46.
844 2570 914 2611 64.
946 2570 1016 2611 70.
1047 2569 1116 2611 80.
1149 2570 1220 2612 84.
1251 2571 1320 2612 86.
1352 2572 1424 2613 96.
1455 2572 1773 2612 Hermesianax
1803 2570 2078 2624 vocabulum,
2108 2570 2222 2625 quod
2252 2569 2306 2611 ad
2327 2571 2585 2612 sententiam

329 2648 579 2690 hexametro
612 2662 868 2703 expressam
900 2650 1096 2703 pertinet,
1127 2650 1170 2690 in
1201 2650 1320 2691 initio
1352 2651 1607 2704 pentametri
1638 2649 1883 2691 collocavit.

1346 2837 1567 2880 Addenda.

329 2923 367 2956 P.
395 2922 429 2956 3.
454 2924 498 2955 ad
523 2933 557 2956 v,
585 2923 618 2956 3.
667 2923 811 2956 Praeter
835 2923 930 2956 locos
957 2932 1001 2956 ex
1025 2923 1116 2956 Hom.
1145 2922 1207 2957 Od.
1234 2923 1355 2956 allatos
1390 2922 1434 2957 cf.
1462 2923 1504 2956 ib.
1530 2921 1591 2965 XI,
1619 2921 1674 2955 94.
1724 2921 1761 2955 Si
1787 2920 1870 2955 ferri
1897 2932 1961 2956 non
1984 2926 2099 2967 potest
2123 2905 2339 2957 ἕπλέυσέν,
2366 2923 2517 2966 proxime
2539 2921 2583 2955 ad

989 2996 1087 3028 codd.
1114 2997 1315 3039 scripturam
1340 2997 1510 3030 accedere
1536 2996 1691 3029 videtur:
1719 2978 1930 3024 ἔσπευσεν.

420 3062 458 3096 P.
483 3062 516 3095 4.
544 3061 587 3094 ad
615 3072 650 3094 v.
676 3061 708 3095 8.
756 3063 900 3096 Praeter
924 3063 1067 3097 Luciani
1092 3063 1198 3097 locum
1222 3063 1264 3098 cf.
1290 3064 1372 3098 Eur.
1398 3064 1470 3098 Alc.
1496 3062 1574 3097 361.
1598 3063 1701 3105 Verg.
1726 3061 1851 3103 Geor-g.
1877 3060 1932 3103 IV,
1961 3060 2039 3095 502.
2064 3060 2143 3096 503.
2171 3061 2234 3095 Ov.
2259 3062 2340 3095 Met.
2363 3061 2408 3102 X,
2436 3059 2491 3094 72.

1339 3170 1564 3212 corrigenda.

325 3235 360 3260 P.
379 3234 406 3261 3·
422 3232 443 3258 1.
459 3233 504 3259 21.
523 3233 708 3261 Menekin-
746 3234 781 3260 P.
800 3234 827 3260 8.
845 3233 866 3261 1.
885 3235 928 3262 ³4.
944 3236 1062 3263 Ioniae.
1100 3236 1134 3262 P.
1153 3236 1195 3262 13.
1215 3235 1234 3261 1.
1253 3237 1297 3262 18.
1313 3239 1382 3270 post
1407 3235 1582 3262 mutandum
1606 3238 1637 3262 et
1660 3242 1689 3269 p.
1711 3235 1754 3262 16.
1778 3233 1798 3261 1.
1823 3235 1868 3262 81.
1885 3236 1953 3269 post
1972 3233 2138 3269 Dionysius
2155 3232 2354 3269 hypo-ryme
2372 3232 2420 3260 eut
2434 3230 2583 3265 ponentu-
