2920 3800
891 1312 1001 1404 ,De
1046 1309 1590 1392 Hemeslmaotis
1637 1309 1867 1407 elegis.

447 1498 728 1544 Alexandrini
753 1507 910 1556 poetae
928 1513 1014 1558 qua
1030 1508 1124 1546 arte
1145 1513 1202 1545 ae
1228 1501 1393 1544 ratione
1421 1503 1465 1545 in
1493 1501 1802 1557 componendis
1833 1503 1972 1560 elegis
2000 1502 2072 1546 usi
2099 1503 2203 1556 sint,
2233 1502 2318 1545 etsi
2347 1516 2403 1545 ex
2431 1502 2529 1546 Re—

273 1582 416 1625 manis
435 1580 595 1636 poetis,
623 1579 696 1634 qui
714 1591 860 1623 eorum
878 1582 1081 1640 vestigiis
1094 1588 1197 1625 sunt
1212 1582 1418 1639 ingressi,
1435 1582 1547 1624 satis
1565 1580 1778 1637 conjicere
1792 1581 1910 1634 licet,
1929 1587 2175 1639 pergratum
2193 1587 2337 1624 tamen
2356 1582 2530 1636 accidit,

278 1659 393 1716 quod
409 1659 663 1702 Athenaeus
692 1658 810 1712 XIII,
840 1659 942 1714 596,
969 1661 1021 1704 F.
1052 1673 1150 1717 sqq.
1181 1662 1417 1718 elegorum,
1445 1654 1556 1716 quos
1584 1660 1900 1702 Hermesianax
1929 1657 2228 1715 Colophonius
2254 1662 2300 1703 in
2328 1661 2535 1705 honorem

276 1739 459 1792 Leontii,
489 1739 660 1793 puellae
689 1751 810 1791 suae,
839 1741 1029 1795 scripsit,
1058 1741 1185 1782 nobis
1213 1752 1313 1783 eam
1340 1740 1534 1782 servavit
1562 1745 1740 1794 partem,
1771 1751 1858 1793 qua
1887 1738 2044 1781 doctus
2073 1740 2147 1782 ille
2175 1747 2307 1794 poeta
2334 1741 2536 1785 undecim

279 1818 545 1860 clarissimos
582 1825 761 1872 poetas,
803 1819 957 1872 quibus
996 1825 1084 1860 tres
1124 1817 1318 1873 adjuncti
1348 1824 1452 1860 sunt
1479 1817 1748 1871 philosophi,
1786 1829 2043 1860 enumerans
2071 1830 2418 1876 unumquemque
2445 1823 2536 1862 vim

275 1897 434 1939 amoris
464 1897 664 1939 sensisse
693 1910 832 1951 eaque
860 1898 1132 1950 potissimum
1160 1911 1209 1939 re
1237 1897 1294 1938 ad
1323 1897 1514 1939 earmina
1543 1894 1744 1937 facienda
1772 1897 1994 1937 incitatum
2025 1909 2131 1939 esse
2147 1899 2277 1939 canit.
2314 1900 2537 1961 Depromti

277 1982 380 2017 sunt
408 1975 454 2017 hi
474 1976 709 2032 nonaginta
739 1981 839 2017 octo
867 1989 1024 2017 versus
1053 1989 1080 2016 e
1109 1976 1234 2017 tertio
1264 1975 1372 2017 libro
1392 1975 1576 2027 Leontii,
1607 1986 1690 2017 nec
1718 1974 1900 2017 dubitari
1928 1982 2091 2030 potest,
2106 1978 2209 2031 quin
2222 1978 2537 2021 nemesium

276 2056 406 2096 etiam
437 2055 479 2096 in
510 2055 565 2094 iis
596 2055 669 2107 qui
698 2055 925 2106 perierunt,
954 2054 1067 2095 idem
1096 2061 1409 2109 argumentum,
1440 2065 1612 2095 amores
1641 2052 1755 2107 dico,
1784 2055 2047 2107 tractaverit,
2077 2055 2163 2095 etsi
2190 2067 2277 2096 non
2302 2058 2536 2099 verisimile

275 2141 365 2183 est,
406 2140 455 2174 ut
482 2131 732 2186 Bernhardy
769 2133 870 2174 hist.
901 2135 962 2174 lit.
992 2145 1134 2188 graec.
1165 2133 1222 2184 11,
1253 2132 1276 2172 1
1307 2145 1349 2184 p.
1380 2132 1483 2173 496.
1523 2132 1635 2172 hene
1670 2128 1912 2186 perspexit,
1953 2144 2051 2173 eum
2089 2144 2167 2186 per
2194 2138 2331 2175 totum
2359 2145 2534 2178 nmen

276 2210 473 2264 eandem,
513 2223 598 2266 qua
626 2212 670 2252 in
699 2212 786 2252 isto
815 2210 1054 2268 fragmento
1084 2222 1193 2252 usus
1223 2216 1305 2262 est,
1336 2211 1546 2252 rationem
1577 2223 1682 2252 esse
1710 2216 1920 2253 secutum.
1979 2211 2049 2260 De
2075 2211 2161 2253 hoc
2188 2216 2333 2254 autem
2359 2210 2557 2257 diversa.

280 2297 324 2331 et
365 2290 577 2331 contraria
623 2291 734 2331 inter
779 2303 832 2332 se
877 2291 1062 2331 virorum
1104 2288 1325 2330 doctorum
1362 2295 1468 2331 sunt
1509 2287 1697 2342 judicia5
1746 2295 1886 2339 erant,
1932 2290 2004 2343 qui
2039 2288 2398 2342 pulchritudinem
2440 2291 2538 2346 ejus

276 2369 459 2411 summis
491 2376 688 2412 ornarent
719 2350 932 2422 iaudihus,
973 2370 1094 2411 velut
1120 2366 1407 2410 Ruhnkenius
1437 2375 1483 2410 et
1510 2369 1717 2426 ligemus,
1745 2373 1793 2410 ut
1821 2366 1890 2409 Fr.
1921 2348 2235 2426 Schlegelium,
2264 2371 2337 2425 qui
2365 2382 2538 2415 omne-

278 2452 321 2490 in
351 2446 566 2489 laudando
595 2448 770 2490 modum
801 2450 1006 2500 excessit,
1037 2449 1206 2490 silentio
1238 2454 1526 2501 praeteream3
1556 2453 1704 2489 contra
1728 2445 1782 2488 C.
1800 2445 1855 2489 G.
1874 2446 2085 2488 Cobetius
2113 2447 2158 2487 in
2171 2445 2537 2504 adnotationibus,

281 2539 390 2581 quas
431 2519 613 2568 orationi
651 2540 762 2568 suae
799 2525 981 2579 addidit,
1028 2540 1070 2580 p.
1106 2525 1163 2568 47
1192 2537 1288 2580 sqq.
1325 2525 1515 2567 maxima
1550 2525 1784 2567 acerbitate
1821 2526 1864 2566 in
1894 2531 2067 2578 poetam
2097 2524 2312 2568 invehitur
2339 2540 2538 2582 eumque,

282 2618 410 2660 quum
442 2605 582 2646 omnis
612 2617 743 2660 opera
773 2606 817 2648 in
847 2605 943 2650 eius
974 2604 1268 2647 emendatione
1297 2604 1441 2657 posita
1471 2601 1652 2655 ludatur,
1681 2617 1738 2645 ne
1766 2602 1943 2659 dignum
1973 2602 2144 2658 quidem
2175 2616 2282 2651 esse
2305 2605 2542 2659 contendit,

279 2685 352 2738 qui
391 2688 596 2725 accurate
632 2689 850 2725 tractetur.
909 2683 1092 2726 Videtur
1127 2689 1270 2725 autem
1308 2683 1375 2723 vir
1410 2682 1711 2734 acutissimus,
1749 2695 1776 2722 a
1805 2694 1889 2736 quo
1928 2682 2064 2723 multa
2091 2688 2209 2723 reete
2237 2681 2543 2728 animadversa

284 2768 327 2804 et
366 2759 630 2815 reprehensa
661 2774 766 2804 esse
793 2774 880 2804 non
909 2775 1036 2818 nego,
1076 2775 1159 2804 nou
1188 2761 1299 2804 satis
1328 2772 1411 2801 nec
1439 2765 1745 2814 quodtempore
1774 2760 2091 2802 Hermesianax
2120 2761 2278 2802 vixerit
2313 2775 2397 2804 nec
2425 2754 2542 2817 quod

283 2840 435 2896 poesis
465 2850 607 2896 genus
636 2838 767 2895 hujus
797 2841 955 2884 aetatis
992 2842 1204 2896 proprium
1239 2839 1378 2890 fuerit,
1415 2838 1679 2893 respexisse.
1736 2838 1911 2881 Justam
1957 2839 2104 2881 harum
2153 2852 2294 2881 rerum
2330 2842 2541 2884 rationem

280 2920 517 2962 habuerunt
547 2918 799 2975 Bernhardy
828 2920 857 2961 l.
889 2932 942 2971 c.,
982 2919 1062 2962 Th.
1092 2918 1306 2976 Bergkius
1343 2918 1385 2959 in
1423 2916 1690 2971 praefatione
1717 2918 2062 2973 programmatis,
2093 2917 2220 2972 quod'
2237 2917 2394 2972 prodiit
2421 2919 2543 2962 Har-

282 2997 408 3055 burgi
440 2995 566 3049 1844,
607 2995 660 3040 C.
692 2996 744 3040 F.
773 2998 1072 3052 Hermannus,
1114 2998 1187 3053 qui
1225 2998 1268 3039 in
1303 2985 1403 3038 hist.
1446 2996 1547 3039 cult.
1578 2991 1736 3038 Graec.
1774 2981 1819 3038 et
1845 2995 1972 3038 Rom.
2005 2994 2440 3053 (Culturgesehichte
2469 2998 2547 3041 der

283 3075 503 3121 Griechen
543 3074 628 3118 und
658 3075 820 3121 Romer
849 3077 881 3120 1.
911 3090 952 3132 p.
983 3075 1095 3131 2323)
1135 3077 1317 3135 elegiam
1355 3077 1535 3130 primum
1569 3073 1662 3117 fere
1699 3073 1811 3117 inter
1847 3087 1901 3115 ea
1929 3074 2074 3118 Iocum
2102 3082 2250 3119 tenere
2278 3073 2400 3131 dicit,
2430 3091 2544 3133 quae

280 3140 667 3205 Alexandrinorum
705 3161 830 3200 aetas
864 3156 1102 3212 protulerit.
1161 3153 1429 3211 Quamquam
1467 3154 1594 3211 igitur
1623 3152 1723 3209 jure
1762 3151 2006 3196 doctissimi
2035 3154 2131 3208 viri,
2161 3166 2341 3208 quorum
2371 3158 2545 3200 nomina

284 3242 326 3276 et
359 3237 523 3289 scripta
561 3240 761 3277 accurate
789 3233 1040 3290 Bernhardy
1070 3236 1096 3277 l.
1129 3247 1166 3276 c.
1199 3239 1434 3286 enumerat,
1472 3233 1514 3274 in
1544 3232 1916 3275 Hermesianactis
1947 3232 2186 3289 fragmento
2216 3233 2470 3333 ein-rigede
2501 3242 2547 3276 et
