2920 3800
1214 246 1557 297 -19-

266 386 310 430 s.
336 385 525 442 cingere,
556 383 754 440 ideoque,
786 392 915 439 quum
944 395 1058 441 quae
1085 397 1166 426 nos
1180 400 1182 402 ’
1195 386 1371 443 cingunt
1398 398 1494 437 res,
1531 383 1709 425 eaedem
1739 390 1953 437 tueantur,
1991 385 2302 440 circumsepire.
2363 387 2503 430 Deni-

266 477 362 520 que*
387 463 638 507 adverbium
674 456 820 505 πυκνά
856 470 926 506 est
958 465 1127 517 spisse,
1163 464 1313 518 dense,
1350 464 1475 519 cujus
1511 476 1639 517 usus,
1676 464 1759 505 nisi
1789 462 1925 516 fallor,
1968 464 2084 518 apud
2112 464 2242 507 Hom.
2269 465 2350 508 Od.
2379 467 2502 521 xm,

266 541 366 585 438.
402 542 541 594 xvn,
582 541 679 582 198.
717 547 865 582 exstat
901 542 1157 595 exemplum.
1216 542 1366 596 ltaque
1394 541 1498 584 dicit
1524 548 1674 596 poeta:
1713 552 1824 594 quos
1854 542 1951 594 ipsa
1980 541 2202 596 prudentia
2233 544 2261 584 i.
2292 556 2331 584 e.
2360 545 2501 598 ipsum

267 622 506 675 sapientiae
536 616 724 660 studium
754 619 904 672 spisse
933 619 1167 663 rationibus
1198 619 1498 674 circumsepsit
1524 633 1588 662 sc.
1619 625 1668 661 ut
1697 631 1885 660 amorem
1916 631 2061 661 arcere
2089 626 2287 674 possent.
2347 620 2500 676 Neque

265 707 411 740 tamen
441 699 536 762 sola
564 696 789 750 prudentia
819 695 860 737 id
891 697 1004 739 effici
1032 703 1166 751 putat,
1198 696 1316 739 addit
1343 698 1454 739 enim
1486 698 1528 738 in
1543 704 1808 751 pentametro
1839 693 1912 738 καὶ
1946 693 2051 752 δεινὴ
2082 695 2237 752 μύθων
2267 694 2403 755 κῆδος
2433 701 2503 742 vel

268 772 404 821 κῦδος
433 769 589 832 ἔχουσ·
620 771 776 832 α’ρετής
809 775 964 829 quibus
991 775 1137 818 verbis
1168 782 1305 817 artem
1335 774 1602 818 dialecticam
1632 789 1670 819 s.
1700 776 1953 819 rhetoricam
1985 774 2200 831 designari
2219 788 2370 833 -aeque
2398 789 2502 831 per-

265 859 464 910 spicuum
493 861 576 905 est,
608 862 738 906 atque
769 867 862 894 eam
892 867 1032 907 neque
1061 854 1284 909 eleganter
1312 867 1451 908 neque
1480 855 1771 910 significanter
1800 854 1885 897 dici
1913 849 2069 909 μύθων
2099 850 2233 910 κῆδος
2262 856 2333 898 vel
2364 851 2503 901 κῦδος

269 931 387 992 ἔχειν
417 936 444 975 i.
467 946 515 974 e.
546 945 688 973 curam
718 933 760 971 in
790 931 972 972 dicendo
1003 945 1125 972 suam
1156 944 1316 984 ponere
1344 933 1417 972 vel
1446 931 1623 986 gloriam
1662 932 1830 975 dicendi
1860 938 2030 973 nactam
2062 944 2176 974 esse.
2235 933 2387 987 Itaque
2414 945 2504 975 uon

266 1027 448 1069 possum
491 1011 595 1052 mihi
652 1010 911 1064 persuadere
964 1011 1361 1051 Hermesianactem
1405 1006 1541 1065 κῆδος
1585 1012 1657 1052 vel
1699 1007 1840 1057 κῦδος,
1870 1010 2124 1064 scripsisse,
2171 1009 2250 1052 sed
2288 1012 2506 1054 assentior

265 1094 483 1143 Heckero,
524 1090 595 1144 qui
634 1085 768 1145 κῦρος
798 1090 851 1130 ab
882 1098 936 1130 eo
965 1090 1151 1142 positum
1181 1089 1320 1131 fuisse
1348 1091 1599 1143 suspicatus
1639 1097 1721 1141 est,
1752 1090 2011 1143 *praesertim
2051 1101 2182 1143 quum
2210 1088 2279 1131 Fr.
2310 1090 2504 1134 Palmius

267 1185 339 1214 me
368 1169 578 1212 monuerit
607 1168 690 1208 hoc
718 1168 975 1208 vocabulum
1007 1169 1184 1221 saepius
1212 1181 1240 1209 a
1267 1168 1448 1209 Platone
1478 1181 1583 1210 esse
1612 1174 1861 1221 usurpatum
1893 1167 1951 1208 cf.
1969 1166 2086 1208 Crat.
2117 1179 2159 1220 p.
2191 1166 2357 1209 435.st
2386 1169 2500 1226 legg.

267 1262 309 1304 p.
337 1250 439 1291 700.
471 1247 537 1297 C„
569 1253 613 1286 et
643 1245 775 1302 Gorg.
807 1260 847 1299 p.
879 1247 978 1288 450.
1008 1246 1076 1299 E„
1112 1248 1186 1288 ubi
1221 1246 1275 1287 de
1313 1247 1411 1299 ipsa
1445 1247 1656 1288 rhetorica
1688 1254 1780 1288 arte
1819 1259 1962 1287 sermo
1993 1251 2083 1286 est:
2125 1239 2149 1299 ἧ
2182 1240 2252 1285 διὰ
2280 1239 2418 1301 λόγου
2448 1242 2501 1289 τὸ

270 1325 406 1385 κῦρος
445 1321 616 1382 ἔχουσα
655 1320 861 1381 ῥητορική
898 1319 1013 1365 ἐστιν
1054 1323 1110 1365 cf.
1142 1325 1196 1365 ib.
1228 1337 1271 1378 p.
1299 1324 1398 1366 451.
1428 1324 1482 1365 A,
1541 1324 1596 1366 Et
1625 1325 1819 1378 profecto
1850 1324 2204 1365 verisimillimum
2235 1330 2304 1365 est
2332 1324 2504 1366 doctum

268 1412 439 1462 poetam
468 1404 551 1444 hos
568 1404 702 1444 'locos
732 1409 832 1443 ante
863 1404 1015 1444 oculos
1045 1403 1265 1457 habuisse.
1323 1401 1450 1455 Quod
1480 1409 1623 1444 autem
1650 1404 1886 1459 genitivum
1918 1415 2016 1444 cum
2044 1403 2191 1444 verbis
2223 1398 2357 1457 κῦρος
2385 1397 2502 1459 ἔχειν

269 1484 506 1538 conjunxit,
537 1494 621 1523 non
650 1479 820 1522 videtur
850 1494 951 1522 esse
981 1480 1299 1535 vituperandus,
1331 1493 1462 1535 quum
1492 1488 1536 1522 et
1566 1482 1636 1523 alii
1665 1482 1912 1534 scriptores,
1943 1482 2045 1522 licet
2075 1481 2160 1522 alio
2191 1493 2339 1535 sensu,
2369 1478 2502 1539 κῦρος

271 1557 388 1617 ἔχειν
426 1555 546 1603 τινός
583 1559 767 1601 dixerint
804 1560 861 1601 cf.
900 1560 1000 1600 Her.
1037 1558 1116 1612 Vl,
1157 1559 1275 1600 109.:
1312 1553 1359 1602 ἐς
1399 1554 1447 1599 σὲ
1486 1556 1629 1615 ἀνήκει
1665 1559 1754 1600 τῶν
1790 1552 2064 1614 πρηγμάτων
2105 1556 2159 1600 τὸ
2203 1556 2337 1614 κῦρος
2374 1554 2500 1614 ἔχειν.

270 1639 446 1681 Aristid.
486 1640 517 1679 1.
557 1652 599 1693 p.
640 1638 739 1680 418.
778 1638 905 1680 Jebb.
946 1631 1270 1691 Λακεδαιμόνιοι
1299 1632 1356 1676 τό
1393 1650 1443 1692 γε
1481 1633 1616 1693 κῦρος
1653 1632 1840 1693 ἔχοντες
1870 1630 2001 1678 αὐτοὶ
2030 1635 2115 1691 τῆς
2142 1633 2326 1692 ψήφου.
2379 1637 2504 1690 Quod

270 1719 311 1759 si
340 1724 470 1771 poeta
498 1718 613 1757 hunc
642 1716 811 1757 dicendi
840 1729 965 1756 usum
998 1715 1209 1768 respexit,
1247 1728 1330 1755 non
1369 1713 1539 1768 dubito,
1581 1717 1682 1769 quin
1722 1722 1840 1757 recte
1877 1716 2133 1757 rhetoricam
2163 1728 2342 1771 gravem
2371 1723 2504 1758 artem

270 1796 436 1847 dixerit,
467 1807 577 1849 quae
606 1796 830 1836 verborum
862 1794 1075 1835 arbitrium
1106 1806 1185 1833 seu
1213 1793 1300 1832 vim
1333 1793 1519 1834 haberet.
1577 1794 1676 1834 Jam
1707 1794 1790 1835 hac
1819 1806 1990 1847 quoque
2017 1800 2109 1835 arte
2138 1793 2422 1848 philosophos
2450 1795 2502 1836 ab

272 1887 418 1916 amore
447 1873 617 1915 defendi
648 1886 781 1927 posse
811 1885 893 1913 non
924 1872 1184 1927 negaverim,
1214 1883 1355 1928 neque
1383 1884 1487 1912 vero
1519 1872 1657 1924 miror,
1689 1871 1801 1927 quod
1818 1872 1886 1913 Fr.
1905 1872 2068 1914 Palmio
2098 1872 2143 1912 in
2172 1877 2358 1914 mentem
2387 1873 2504 1915 venit

270 1955 666 1995 Hermesianactem
677 1950 832 2009 ,θυμῶν
842 1948 977 2007 κῦρος
984 1945 1155 2006 ἔχουσα
1164 1951 1412 2004 scripsisse,
1421 1952 1778 2016 intemperantia,
1789 1951 2044 1993 moderatrix
2054 1952 2239 1993 omnium
2249 1950 2504 2006 cupidinum,

269 2034 577 2088 intelligeretur
606 2033 660 2073 cf.
691 2033 822 2073 Anth.
853 2031 974 2072 Plan.
1004 2029 1077 2081 lv,
1114 2026 1211 2081 198,
1240 2028 1298 2082 3.,
1329 2028 1400 2070 ubi
1427 2022 1587 2085 ’Ἔρως
1607 2024 1897 2087 σωφροσύνας
1927 2023 2150 2087 ὑβριστής.
2183 2025 2501 2088 φρενσκλόπος,

270 2109 443 2170 λῃστὴς
471 2108 691 2167 λογισμοῦ
723 2111 889 2164 dicitur,
927 2110 1035 2151 Plat.
1059 2108 1198 2150 ConV.
1230 2121 1272 2162 p.
1305 2107 1401 2150 196.
1434 2107 1483 2150 C.
1514 2100 1616 2149 εἶναι
1646 2104 1929 2164 ὁμολογεῖται
1959 2104 2221 2169 σωφροσύνη
2251 2106 2305 2151 τὸ
2337 2109 2505 2166 κρατεῖν

273 2187 434 2246 ἡδονῶν
465 2186 536 2230 καὶ
567 2186 814 2245 ἐπιθυμιῶν,
847 2190 917 2229 cui
945 2188 1169 2228 aPlatone
1200 2188 1313 2242 legg.
1344 2199 1383 2239 p.
1402 2187 1570 2229 839.A.
1603 2190 1801 2241 opposita
1831 2196 1901 2229 est
1927 2185 2072 2243 μανία,
2105 2200 2217 2242 quae
2245 2189 2289 2229 in
2318 2202 2505 2245 sequen-

273 2269 390 2310 tibus
433 2274 799 2310 commemoratur.
859 2266 1088 2321 ingeniose
1130 2276 1236 2306 sane
1274 2265 1384 2306 haec
1414 2270 1515 2305 sunt
1544 2267 1807 2322 excogitata,
1837 2273 1980 2307 tamen
2010 2268 2108 2320 ipse
2136 2266 2203 2306 vir
2230 2265 2506 2308 doctissimus

273 2346 530 2387 sententiam
570 2359 691 2387 suam
732 2345 992 2395 retractavit,
1031 2355 1158 2397 quum
1198 2341 1385 2383 vidisset
1420 2349 1591 2395 poetam
1630 2345 1674 2384 in
1711 2345 1778 2395 iis,
1818 2346 1889 2398 qui
1925 2351 2176 2398 sequuntur,
2213 2345 2409 2385 versibus
2437 2345 2507 2386 bis

275 2424 529 2464 dialecticae
559 2424 664 2463 artis
695 2423 755 2463 ita
788 2422 951 2463 fecisse
980 2421 1252 2472 mentionem,
1281 2427 1330 2460 ut
1358 2426 1507 2472 aperte
1536 2419 1589 2461 ad
1621 2434 1685 2472 ea,
1717 2422 1882 2476 quaein
1898 2423 2150 2463 universum
2170 2421 2224 2463 de
2241 2422 2509 2476 philosophis

274 2497 451 2551 dixera't,
483 2503 718 2556 respiceret
749 2500 804 2558 cf.
834 2513 877 2540 v.
908 2499 994 2549 94„
1027 2499 1098 2540 ubi
1118 2498 1344 2540 Socratem
1367 2492 1512 2551 λόγων
1541 2491 1720 2543 πολλὰς
1748 2491 1947 2556 εὑρέσθαι
1978 2496 2160 2548 διόδους,
2191 2506 2234 2541 et
2262 2513 2304 2539 v.
2319 2499 2403 2553 97„
2433 2499 2510 2541 ubi

278 2581 543 2633 Aristippum
573 2577 719 2623 πάσας
751 2575 986 2631 ἀνήνασθαι
1016 2573 1190 2632 λέσχας
1219 2570 1445 2630 φεύγοντα
1474 2577 1500 2616 i.
1530 2589 1568 2630 e.
1600 2576 1922 2631 philosophicas
1952 2579 2261 2632 disputationes
2289 2559 2510 2634 refugisse

279 2658 420 2699 refert.
482 2656 606 2709 Quae
637 2669 765 2710 quum
797 2658 857 2697 ita
887 2658 986 2706 sint,
1018 2663 1185 2709 praeter
1213 2655 1467 2696 vocabulum
1499 2649 1633 2710 κῆδος
1663 2655 1766 2717 nihil
1797 2658 1900 2699 licet
1928 2665 2104 2699 mutare.

448 2748 490 2775 v.
521 2734 590 2777 83.
624 2727 714 2777 οὐδ’
741 2730 786 2776 οἳ
813 2730 939 2776 δεινόν
968 2735 1146 2788 primum
1179 2732 1336 2774 editum
1373 2739 1441 2774 est
1469 2733 1512 2773 in
1542 2733 1582 2774 V
1612 2746 1685 2786 pro
1717 2726 1828 2776 οἶδεν
1859 2729 1922 2782 ὅν,
1953 2735 2066 2791 quod
2095 2737 2136 2776 in
2165 2734 2259 2787 AB,
2289 2735 2361 2776 vel
2392 2734 2434 2776 οἱ
2464 2731 2512 2777 δὲ

279 2807 370 2862 τόν,
402 2813 514 2871 quod
545 2815 588 2854 in
617 2813 655 2854 P
685 2814 850 2870 legitur.
909 2811 1034 2865 Quae
1053 2814 1091 2855 si
1107 2812 1233 2854 codd.
1264 2813 1452 2868 vestigia
1480 2818 1743 2866 spectamus,
1787 2816 2139 2856 verisimillimum
2156 2825 2267 2854 sane
2296 2822 2367 2856 est
2394 2817 2513 2857 Her-

280 2894 588 2935 mesianactem
629 2903 684 2932 ex
722 2900 805 2933 usu
848 2892 998 2945 epicae
1037 2891 1254 2943 dictionis,
1295 2898 1343 2932 ut
1371 2891 1641 2932 Hermannus
1671 2898 1788 2932 recte
1818 2900 1961 2934 monet
1990 2893 2045 2933 cf.
2075 2894 2203 2935 Hom.
2234 2894 2282 2933 ΙΙ.
2314 2895 2370 2946 11,
2397 2894 2511 2946 ⁷03„

282 2963 373 3014 οὐδ’
406 2966 450 3012 οἳ
479 2965 607 3011 δεινόν
637 2970 883 3023 scripsisse,
914 2970 1015 3010 licet
1043 2976 1114 3010 ter·
1138 2977 1227 3011 tum
1257 2969 1405 3011 redeat
1434 2967 1692 3023 adjectivum
1714 2965 1858 3018 δεινός,
1890 2970 2001 3026 quod
2020 2971 2105 3013 etsi
2125 2984 2210 3013 nou
2228 2977 2300 3013 est
2317 2973 2511 3029 elegans,

278 3058 423 3092 tamen
463 3062 548 3090 non
579 3060 755 3102 prorsus
784 3047 1111 3101 reprobaverim,
1143 3061 1271 3104 quum
1301 3047 1514 3103 ejusmodi
1543 3049 1791 3092 iterationes
1823 3063 1904 3092 non
1933 3049 2130 3091 videatur
2158 3051 2287 3092 anxie
2301 3051 2515 3093 vitavisse

279 3129 336 3171 cf.
375 3143 418 3170 v.
458 3127 528 3169 54.
569 3126 652 3179 55.,
695 3132 737 3167 et
777 3125 1001 3168 admodum
1039 3127 1095 3167 sit
1132 3127 1355 3180 lubricum,
1396 3140 1452 3166 ex
1491 3126 1612 3167 codd.
1654 3129 1863 3181 scriptura
1900 3127 2014 3169 aliud
2045 3128 2147 3183 quid
2175 3129 2340 3170 elicere.
2400 3130 2513 3171 Nam

280 3218 420 3261 neque
448 3205 657 3267 Westoni
686 3203 933 3258 conjectura
972 3197 1061 3245 οὐδ’
1105 3200 1184 3245 οἵδ’
1224 3201 1352 3251 αἰνόν,
1395 3217 1533 3259 neque
1567 3205 1743 3262 Bergkii
1784 3199 1873 3245 οὐδ’
1914 3202 1959 3246 οἳ
1995 3206 2133 3248 κεῖνον
2154 3207 2307 3260 habet,
2347 3203 2514 3263 quo”se

282 3283 564 3328 commendet.
588 3271 590 3275 ’
625 3277 790 3325 Deinde
818 3283 862 3324 in
892 3283 1043 3325 eodem
1073 3295 1203 3325 versu
1229 3284 1326 3338 jure
1354 3284 1524 3328 videtur
1540 3285 1811 3328 Hermannus
1842 3281 2174 3342 ἀπετρέψαντο,
2207 3286 2321 3340 quod
2337 3288 2380 3329 in
2399 3287 2514 3329 PVL
