2920 3800
1221 243 1563 302 2222...

272 381 440 441 ἔξοχον
455 379 591 443 ἐχρῆν
621 412 704 426 ...,.
733 377 1035 428 εἶναι-πολλῶν
1050 379 1088 424 δ’
1105 377 1362 440 ἀνθρώπων,
1388 383 1463 425 ille
1480 395 1558 438 pro
1575 377 2147 439 ἑχλειημένονῖεαὶὴοώιι
2175 396 2279 427 esso
2307 380 2509 442 ἐχλίηνεν

273 457 322 506 ὅν
349 462 470 515 vidit,
500 450 573 506 hic
600 463 763 517 reliqua
791 463 853 506 ita
880 462 1078 513 correxit,
1107 467 1156 502 ut
1180 461 1326 504 deleta
1352 462 1562 515 particula
1590 456 1627 502 δ’
1656 473 1733 515 pro
1757 455 1894 517 ἐχρῆν
1906 456 2088 504 πολλῶν
2115 463 2358 506 restitueret
2386 458 2503 521 ἔχρη

270 537 514 588 Ἀπόλλων,
544 553 629 597 quo
659 540 776 585 facto
805 547 936 596 poeta
964 539 1067 583 dicit
1094 539 1226 583 haec:
1255 538 1425 594 Quanto
1438 552 1568 595 porro
1586 537 1791 593 incendit,
1819 552 1946 595 quem
1965 546 2186 595 praestare
2199 539 2333 583 edidit
2351 542 2507 597 Apollo

271 621 512 663 hominibus
550 618 777 669 Socratem
815 620 1029 673 sapientia
1066 599 1148 670 (cf.
1182 617 1294 659 Plat.
1331 618 1414 671 Ap.
1452 618 1574 660 Socr.
1610 612 1653 671 p.
1691 618 1763 660 21.
1802 619 1855 661 A.
1896 619 2040 673 ibique
2069 619 2165 663 adn.
2196 619 2508 674 &olibani-ii),

274 697 437 754 Cypria
463 697 571 739 irata
599 698 713 754 ignis
742 697 903 740 ardore.
962 696 1132 739 Deinde
1172 754 1179 760 ²

443 790 486 818 v.
515 776 588 818 91.
618 788 711 830 sqq.
742 776 804 817 ita
833 777 993 832 pergitt
1441 769 1491 813 ἐκ
1522 770 1567 814 δὲ
1594 771 1787 830 βαθείης

889 852 1056 911 ψυχῆς
1086 848 1372 908 κουφοτέρας
1400 846 1617 907 ἐξεπόνησ”
1647 849 1771 898 ἀνίας

778 930 879 973 οἰκί’
909 928 956 977 ἐς
985 926 1222 986 ’Aca-aolus·
1249 922 1541 986 πωλεύμενος·
1570 922 1669 972 οὐδέ
1699 944 1745 973 τι
1776 928 1947 988 τέκμαρ

887 998 994 1068 εὗρε.
1023 1006 1170 1066 λόγων
1195 1001 1376 1054 πολλὰς
1403 1000 1636 1065 εὑρόμενος
1665 1004 1849 1057 διόδους,

272 1092 316 1130 in
347 1091 502 1144 quibus
538 1103 623 1130 uno
660 1096 824 1130 tantum
863 1092 961 1131 loco
991 1102 1018 1131 a
1048 1088 1269 1130 codicibus
1306 1086 1530 1130 discedere
1559 1087 1700 1129 visum
1730 1095 1823 1141 est3
1854 1090 2013 1131 etenim
2043 1103 2087 1132 v,
2115 1089 2189 1132 94.
2218 1103 2274 1131 ex
2303 1089 2511 1143 probabili

273 1152 816 1224 Heringaeemendatione
844 1158 990 1223 λόγων
1020 1167 1178 1220 scripsi
1204 1179 1281 1220 pro
1311 1180 1380 1220 eo,
1410 1165 1523 1220 quod
1552 1166 1646 1208 libri
1674 1166 1845 1220 habent,
1875 1162 2020 1223 λόγως
2051 1168 2214 1222 reliqua
2241 1168 2302 1210 ita
2324 1180 2509 1222 compa-

274 1253 367 1288 rata
394 1254 510 1299 sunt,
540 1254 590 1288 ut
618 1254 762 1300 aptam
790 1247 1022 1300 praebeant
1051 1246 1325 1298 sententiam,
1360 1257 1510 1286 verum
1539 1250 1683 1286 tamen
1712 1247 1841 1299 paulo
1872 1247 2006 1298 aliter,
2036 1258 2166 1301 quam
2193 1246 2327 1302 vulgo
2345 1241 2511 1299 solent,

274 1327 377 1368 mihi
415 1326 614 1366 videntur
652 1338 755 1366 esse
794 1323 1062 1379 explicanda.
1121 1325 1180 1366 Ut
1217 1324 1331 1365 enim
1358 1336 1386 1364 a
1414 1323 1628 1365 vocabulo
1658 1319 1757 1365 α’νία
1786 1325 1953 1366 initium
1982 1323 2152 1376 faciam,
2182 1336 2354 1378 semper
2379 1324 2511 1368 habet

274 1403 436 1459 doloris
465 1406 537 1445 vel
565 1406 792 1447 molestiae
820 1405 1051 1454 notionem,
1092 1403 1205 1443 unde
1233 1415 1260 1443 s
1287 1402 1466 1443 Platone
1494 1402 1705 1455 voluptati
1735 1397 1915 1458 (ἣδονῆ)
1947 1403 2186 1456 opponitur,
2219 1409 2264 1445 et
2281 1409 2398 1445 reete
2421 1402 2511 1456 jam

274 1481 560 1525 Ruhnkenius
599 1483 670 1525 bic
706 1482 931 1524 molestias
973 1493 1052 1523 seu
1091 1479 1403 1524 sollicitudines
1441 1481 1600 1522 amoris
1639 1493 1691 1522 eo
1728 1480 1962 1538 significari
1999 1479 2239 1536 perspexit,
2284 1483 2406 1523 velut
2443 1489 2514 1524 est

275 1559 389 1616 apud
420 1559 589 1603 Gallim.
620 1561 753 1618 epigr.
782 1560 840 1603 47
871 1559 1027 1612 (Anth.
1054 1559 1153 1612 xn,
1186 1559 1324 1613 1500.
1382 1560 1478 1601 Has
1505 1565 1649 1601 autem
1679 1562 1837 1602 amoris
1867 1561 2092 1602 molestias
2122 1574 2148 1601 e
2178 1541 2387 1614 profundo
2416 1562 2443 1601 i.
2473 1575 2510 1602 e.
2547 1581 2555 1590 ι

275 1639 462 1695 sapienti
487 1640 628 1683 animo
659 1639 726 1694 (v.
755 1640 877 1681 locos
906 1640 960 1680 ab
991 1638 1224 1680 editoribus
1252 1639 1384 1680 lexici
1411 1639 1685 1680 Passowisni
1714 1640 1975 1695 congestos)
2005 1635 2248 1695 ἐξεπόνησε,
2280 1638 2396 1693 quod
2423 1639 2465 1680 h.
2484 1640 2511 1681 l.

276 1732 361 1760 non
397 1725 541 1773 potest
578 1731 696 1772 esse,
736 1725 784 1760 ut
819 1720 1065 1759 Hermanno
1101 1718 1247 1780 visum
1261 1724 1367 1786 ι«εει,
1407 1719 1642 1769 elaborare,
1680 1730 1820 1772 neque
1849 1720 2101 1773 simpliciter
2129 1719 2328 1773 perferre,
2368 1725 2416 1758 ut
2446 1725 2514 1759 est

275 1796 388 1851 apud
407 1797 586 1840 Theocr.
612 1809 678 1851 ep.
700 1796 770 1847 20,
800 1796 856 1848 5.,
887 1795 966 1837 sed
998 1794 1149 1837 eodem
1179 1795 1270 1837 fere
1298 1807 1436 1837 sensu
1464 1802 1715 1849 usurpatum
1744 1796 1927 1850 videtur,
1956 1803 2087 1852 atque
2115 1797 2230 1851 apud
2258 1797 2358 1837 Eur.
2384 1797 2512 1838 Herc.

276 1876 356 1918 fur.
386 1875 495 1917 581:
526 1875 615 1918 τῶν
644 1872 679 1917 δ’
709 1871 820 1932 ἐμῶν
848 1872 1013 1916 τέκνων
1044 1867 1128 1915 οὐκ
1157 1870 1380 1930 ἐκπονήσω
1409 1868 1629 1922 Shimron
1669 1875 1730 1916 ita
1759 1881 1903 1917 tamen
1940 1882 1989 1917 ut
2024 1876 2267 1930 perferendi
2296 1878 2511 1918 notionem

276 1967 362 1996 non
390 1934 568 2008 prorsus
599 1955 653 1995 ab
682 1954 768 1994 hoc
795 1955 892 1994 loco
922 1953 1082 1994 abesse
1111 1952 1300 1993 dixerim.
1359 1951 1502 2004 Quum
1533 1953 1644 1993 enim
1674 1954 1910 2007 proleptice
1940 1954 2131 1996 additum
2161 1956 2219 1996 sit
2249 1954 2508 2009 adjectivum

279 2030 565 2088 κουφοτέρας
603 2034 629 2072 i.
669 2046 707 2072 e.
748 2024 862 2075 ὥςτε
903 2027 1189 2086 κουφοτέρας
1226 2022 1345 2079 εἶναι,
1394 2038 1570 2085 apparet
1609 2030 1835 2074 Socratem
1882 2031 1968 2074 dici
2013 2031 2300 2087 perferentem
2345 2031 2512 2083 dolores

284 2113 444 2153 amoris
473 2112 600 2154 simul
631 2123 687 2152 ex
716 2111 900 2164 sapienti
929 2117 1073 2152 mente
1102 2123 1182 2152 eos
1220 2110 1441 2153 amovisse
1476 2110 1747 2165 levioresque
1785 2108 2025 2153 reddidisse
2053 2123 2120 2164 eo,
2159 2110 2272 2166 quod
2302 2111 2515 2166 Aspasiae

277 2189 448 2232 domum
489 2189 795 2244 frequentabat.
855 2189 1083 2242 Participio
1128 2188 1241 2229 enim
1278 2172 1559 2245 πωλεύμενος
1596 2188 1818 2241 rationem,
1859 2200 1943 2242 qua
1980 2187 2188 2239 Socrates
2228 2188 2272 2231 id
2311 2188 2514 2243 effecerit,

278 2268 456 2312 indicari
495 2281 547 2311 eo
584 2269 726 2324 magis
766 2267 981 2319 existimo,
1027 2278 1112 2322 quo
1152 2267 1311 2308 clarius
1350 2267 1417 2308 sic
1445 2265 1759 2309 demonstratur
1787 2268 1902 2309 nullo
1934 2268 2017 2308 alio
2049 2268 2179 2309 modo
2209 2270 2405 2323 potuisse
2433 2281 2514 2310 ss·-

279 2349 467 2401 pientem
498 2348 722 2389 Socratem
752 2346 922 2388 dolores
951 2357 1058 2387 suos
1087 2345 1235 2398 lenire,
1266 2357 1394 2398 quam
1416 2346 1456 2389 si
1474 2346 1647 2400 penitus
1667 2359 1720 2388 se
1736 2347 1779 2388 in
1795 2346 2150 2390 consuetudinem
2166 2353 2333 2402 amatae
2346 2348 2515 2402 puellae

279 2430 563 2482 immergeret.
622 2428 722 2468 Jam
751 2426 978 2478 aptissime
1006 2424 1077 2467 his
1108 2422 1395 2480 adjunguntur
1423 2423 1672 2480 sequentia:
1701 2423 1855 2480 Neque
1885 2424 2180 2470 tamen.finem
2196 2438 2275 2470 seu
2293 2426 2515 2470 terminum

278 2518 345 2547 sc.
374 2505 532 2547 amoris
562 2505 736 2557 invenit,
775 2517 905 2559 quum
945 2504 1106 2546 multos
1135 2502 1469 2558 disputationum
1501 2502 1643 2547 exitus
1672 2503 1936 2560 invenisset3
1976 2518 2076 2549 nam
2112 2505 2243 2549 verba
2269 2500 2440 2564 τέκμαρ
2471 2512 2517 2549 et

283 2582 452 2629 διόδους
488 2587 596 2626 inter
633 2599 683 2627 se
725 2591 832 2628 sunt
863 2584 1075 2637 opposita,
1115 2597 1198 2626 nec
1234 2589 1391 2638 potest·
1419 2596 1524 2627 esse
1561 2582 1747 2637 dubium,
1790 2584 1892 2639 quin
1931 2591 2065 2640 poeta
2093 2584 2309 2629 turmulam
2340 2581 2516 2643 τέκμαρ

282 2655 413 2720 εὑρεῖν
443 2677 498 2704 ex
537 2665 661 2720 epica
698 2662 885 2704 dictione
925 2661 1128 2705 sumserit
1165 2667 1209 2704 et
1247 2656 1417 2707 διόδους
1446 2658 1596 2704 eodem
1625 2673 1760 2705 sensu
1790 2664 1983 2716 posuerit
2011 2669 2140 2719 atque
2170 2658 2388 2717 διεξόδους
2417 2664 2445 2705 i.
2477 2676 2516 2706 e.

281 2743 448 2796 proprie
477 2742 575 2783 vias
607 2749 650 2782 et
679 2742 866 2782 rationes
898 2738 1156 2795 disputandi,
1189 2740 1269 2792 (cf.
1299 2740 1408 2781 Plat.
1437 2741 1553 2782 Prot.
1584 2754 1626 2794 p.
1656 2740 1755 2783 361.
1779 2741 1855 2794 D.)
1887 2742 2042 2784 deinde'
2071 2743 2224 2794 exitus,
2257 2754 2343 2796 qua
2372 2743 2518 2798 signi-

288 2820 487 2862 ficatione
516 2833 651 2874 saepe
680 2822 722 2860 in
751 2821 944 2861 Platonis
973 2819 1156 2875 dialogis
1181 2821 1352 2875 legitur,
1383 2820 1496 2874 quod
1517 2820 1685 2874 fugisse
1707 2820 2101 2864 Hermesianactem
2127 2820 2202 2862 vix
2217 2818 2423 2863 credibile
2436 2829 2518 2864 est.

455 2913 498 2940 v.
527 2898 714 2940 95—-98,
744 2898 805 2939 ita
834 2898 876 2937 in
905 2898 1023 2939 libris
1053 2898 1202 2951 scripti
1230 2905 1353 2940 sunt:

815 2969 946 3033 ἄνδρα
974 2973 1216 3033 Κυρηναῖον
1245 2971 1342 3018 εἴσω
1371 2972 1514 3020 πόθος
1544 2971 1725 3017 ἔσπασεν
1754 2973 1938 3034 Ἰσθμοῦ

952 3050 1091 3101 δεινόν,
1122 3049 1193 3097 ὅτ’
1223 3052 1430 3112 ἀπιδανῆς
1459 3050 1620 3098 Λαΐδος
1650 3048 1845 3112 ᾒρὰσατο

818 3129 926 3189 ὀξὺς
954 3130 1248 3191 ’Δρίστιππος,
1280 3127 1425 3178 πάσας
1455 3129 1490 3173 δ’
1521 3126 1723 3189 ἦνῆναϊοχ
1737 3131 1909 3191 λέσχας

955 3210 1133 3269 φεύγων
1163 3205 1399 3269 οὖδαμένον
1431 3208 1670 3271 ἐξεφόρησε
1696 3212 1796 3268 βίω.

286 3292 333 3334 In
362 3291 432 3334 his
462 3304 546 3348 quo
577 3305 620 3333 v.
649 3292 720 3334 95.
752 3292 928 3345 laborat,
958 3292 1107 3333 vitium
1133 3291 1223 3347 jam
1253 3292 1295 3333 in
1313 3291 1571 3335 editionibus
1590 3294 1669 3336 VL
1692 3300 1758 3335 est
1775 3299 2028 3345 correctum,
2059 3293 2131 3334 ubi
2146 3299 2245 3346 post
2262 3294 2517 3336 vocabulum
