2920 3800
1308 217 1650 269 -14-

352 344 553 405 α’γεῖραιθ
580 344 771 404 αρειδός)
805 378 816 390 .
848 378 860 389 .
891 380 903 391 .
936 380 946 391 .
978 346 1088 395 Ζεὺς
1117 345 1557 409 ἔπορενΣοφοκλεῖε
1577 354 1871 411 tamenqnid
1900 348 2600 414 in.-i,is·latont,·1sutis*probabili

350 426 598 482 conjectum
638 428 728 470 viri=
757 425 872 470 docti
908 434 1013 472 sunt
1055 431 1261 472 assecuti.
1321 430 1514 476 Primum
1543 434 1657 477 enim
1698 435 1948 489 hennepius
1986 445 2042 476 ex
2062 434 2149 477 bis
2185 446 2346 477 nomen
2370 435 2600 481 Tho-:ffl-

350 506 473 558 οηιίι,
503 518 633 560 quam
649 506 808 548 Athen.
831 506 939 548 xm
963 519 1005 561 p.
1023 507 1124 550 592.
1143 509 1199 548 A.
1231 521 1258 550 a
1284 508 1519 562 Sophocle,
1544 522 1680 568 ‘quum
1705 510 1798 564 jam
1827 524 1966 555 ⁸0an
1995 518 2133 566 esset,
2162 517 2349 565 amatam
2365 525 2599 557 essene-

348 584 510 625 moriae
548 583 751 638 prodidit3
795 585 872 625 vix
912 575 1037 628 enim*
1064 585 1268 627 credibile
1306 593 1393 640 est,
1435 599 1589 630 nomen
1629 588 1798 631 amicas
1832 589 1950 644 quod
1991 590 2131 644 suerit,
2170 590 2273 632 line,
2292 603 2388 632 uno=
2412 591 2513 633 loeo
2532 592 2599 635 ‚ab

347 663 706 706 Hermesianacte
743 676 831 704 non
869 663 1060 706 additum
1098 663 1252 706 fuisse.
1314 663 1440 717 Quae
1480 666 1729 721 conjectura
1759 669 2234 722 quum.verisimillima=
2255 670 2329 721 sit,
2363 669 2526 712 nescio.
2543 681 2599 712 an
2661 647 2667 655 ¹

348 749 467 785 recte
503 742 575 783 alii
614 741 696 782 viri
734 741 852 784 docti
890 743 1119 784 statuerint
1149 743 1517 796 praecedentibus
1547 745 1684 787 literis
1712 745 1889 788 verbum
1920 747 2094 802 aliquod
2123 748 2344 799 contineri,
2374 747 2489 802 quod
2518 760 2599 790 ee·-

348 818 538 863 lebrandi
568 819 749 861 haberet
778 821 1007 872 notionem,
1049 832 1235 876 eamque
1268 822 1322 863 ob
1353 835 1440 863 rem
1467 824 1559 876 jam
1590 822 2038 879 Schweighaeuserus
2065 839 2215 868 verum
2246 827 2456 869 invenerit
2480 827 2598 869 scri-

345 908 466 955 ptum
498 899 640 940 tuisse
669 905 790 941 ratus
820 895 1019 954 ἐγέραιρε,
1050 898 1166 952 quod
1198 905 1392 952 praestat
1425 900 1659 943 Hermanni
1687 899 1983 954 conjecturae:
2013 899 2211 959 ἀνέγειρε.
2257 903 2458 958 Reliqua,
2487 916 2598 959 quae

346 990 524 1033 prorsus
555 977 784 1031 perierunt,
815 977 1089 1018 Hermannus
1119 976 1302 1030 probata
1321 976 1732 1034 Schweiglueuseri
1757 980 1988 1032 sententia,
2016 981 2090 1034 qui
2113 988 2286 1034 propter
2300 982 2600 1037 praecedentia

345 1057 479 1100 verba
510 1049 582 1098 οἷα
611 1043 685 1112 ᾖδε
713 1056 740 1097 i.
772 1068 810 1097 e.
842 1054 1057 1110 quomodo
1088 1057 1319 1109 cecinerit,
1349 1063 1467 1122 recte
1498 1057 1677 1100 verbum
1709 1057 1793 1100 hoc
1821 1058 1916 1125 loco
1949 1059 2187 1112 requisivit,
2218 1062 2345 1114 quale
2375 1075 2417 1101 v.
2437 1060 2599 1104 49.73.

345 1135 415 1178 75.
446 1143 578 1190 poeta
606 1133 768 1188 posuit,
798 1139 844 1174 et
873 1133 1149 1187 probabiliter
1180 1141 1224 1176 et
1253 1135 1430 1189 pulchre
1460 1135 1502 1177 in
1534 1136 1651 1181 hunc
1679 1135 1849 1179 modum
1881 1137 2121 1190 supplevit:

872 1206 1061 1269 Βάκχον
1092 1209 1165 1254 καὶ
1194 1210 1273 1255 τὸν
1303 1209 1427 1270 ἔρωτ’
1459 1209 1649 1273 ἐγέραιρε
1678 1209 1906 1269 Θεῶριδος.
1937 1206 2085 1257 οἶσθα·
2121 1250 2124 1255 ,
2150 1249 2154 1255 .

1070 1288 1142 1333 καὶ
1172 1291 1326 1349 γεραιῷ
1359 1287 1443 1348 γὰρ
1473 1288 1572 1349 ἐρᾶν
1602 1289 1713 1339 Ζεὺς
1741 1289 1892 1351 ἔπορεν
1923 1289 2171 1348 Σοφοκλεῖ.

343 1373 412 1416 De
458 1373 544 1415 hac
589 1377 734 1414 autem
772 1370 1007 1424 Sophoclis
1053 1373 1193 1412 amica
1232 1371 1332 1425 quid
1371 1379 1494 1412 esset
1531 1372 1822 1426 statuendum,
1872 1380 1992 1415 recte
2028 1372 2339 1415 mihi‘videtur
2378 1374 2600 1419 indicasse

346 1450 595 1494 Schoellius
625 1449 831 1503 Sophocl.
871 1462 913 1502 p.
942 1449 1058 1501 367„
1099 1451 1171 1504 qui
1213 1456 1347 1490 totam
1389 1450 1500 1491 hane
1537 1451 1726 1492 fabulam
1767 1464 1792 1492 o
1834 1450 2059 1492 comoedia
2095 1451 2300 1507 originem
2339 1454 2537 1503 traxisse>
2555 1462 2601 1498 et

346 1531 474 1571 istam
505 1529 716 1584 virginem
744 1528 888 1568 fletam
918 1528 1104 1581 aliquam
1132 1534 1177 1567 et
1206 1528 1333 1586 quasi
1370 1528 1645 1583 allegoricam
1684 1540 1913 1582 personam
1945 1528 2084 1570 fuisso
2112 1527 2233 1581 dixit,
2277 1539 2362 1583 qua
2391 1529 2600 1574 festorum

350 1607 512 1649 dierum
543 1606 802 1647 sollennitas
833 1606 1150 1661 significaretur
1180 1605 1236 1647 cf.
1269 1605 1494 1648 Wclckeri
1524 1618 1587 1661 gr.
1620 1612 1729 1662 trag.
1761 1618 1802 1660 p.
1831 1605 1934 1648 305.
2286 1586 2302 1593 ’

518 1699 559 1726 v.
589 1684 778 1726 61—63.
809 1684 1056 1738 Euripidem
1096 1682 1203 1725 dicit
1238 1690 1369 1737 pocta
1408 1680 1486 1724 τὸν
1525 1680 1590 1725 αἐὶ
1620 1679 1967 1740 πεφυλαγμένον
1996 1677 2129 1740 ἄνδρα
2160 1679 2233 1726 καὶ
2261 1677 2440 1727 πάντων
2467 1684 2599 1742 μῖσος

344 1760 567 1821 κτώμενον
596 1759 646 1804 ἐκ
673 1761 878 1819 συνοχῶν
907 1756 1055 1808 πάσας
1084 1758 1206 1819 ἀμφὶ
1237 1760 1462 1817 γυναῖκας,
1496 1765 1538 1805 in
1569 1764 1728 1818 quibus
1760 1763 1892 1806 verba
1916 1757 2093 1806 πάντων
2108 1757 2157 1804 ἐκ
2177 1761 2380 1819 συνοχῶν
2394 1778 2600 1818 perversa

342 1853 388 1886 et
416 1843 669 1901 corrigenda
699 1856 805 1886 esse
835 1855 987 1898 omncs
1017 1842 1228 1884 viderunt.
1287 1842 1545 1898 Priusquam
1579 1848 1740 1896 tamen,
1770 1854 1856 1897 qua
1886 1843 2052 1886 ratione
2081 1841 2124 1884 id
2156 1841 2330 1885 efficere
2359 1844 2599 1888 studuerint

342 1925 422 1964 viri
452 1923 585 1977 docti,
615 1934 846 1978 exponam,
875 1920 1136 1963 monendum
1165 1927 1250 1975 est,
1281 1933 1366 1976 quo
1397 1933 1532 1964 sensu
1563 1920 1699 1963 verba
1731 1919 1930 1962 κτᾶσθαι
1958 1916 2093 1976 μῖσος
2113 1919 2310 1963 hocloco
2328 1922 2416 1965 sint
2432 1924 2597 1977 posita-,3

344 2008 539 2057 apertum
571 2007 716 2044 autem
746 2009 818 2044 cst
845 2007 1019 2055 poetam
1050 2000 1153 2042 nihil
1183 1999 1298 2042 aliud
1329 2001 1527 2054 potuisse
1557 1999 1701 2042 dicere
1731 1989 1839 2041 nisi:
1885 1999 1982 2042 dico
2014 2001 2144 2042 etiam
2174 2000 2304 2044 istum
2334 2002 2485 2054 virum,
2527 2006 2600 2057 qui

343 2094 516 2135 semper
545 2082 630 2122 sibi
660 2081 849 2122 cavebat
878 2091 1118 2133 omnesque
1148 2079 1348 2120 mulieres
1379 2078 1476 2120 odio
1508 2078 1864 2134 persequebatur,
1905 2078 2077 2132 obliquo
2108 2076 2334 2132 Cupidinis
2364 2091 2467 2122 arcu
2496 2094 2599 2135 per-

341 2173 521 2202 cussum
561 2166 796 2201 nocturnos
838 2158 1010 2219 dolores
1053 2170 1136 2198 non
1176 2157 1464 2211 deposuisse;
1504 2170 1617 2212 quac
1655 2162 1744 2198 tum
1775 2155 1944 2198 demum
1975 2156 2167 2198 exoritur
2195 2158 2432 2210 sententia,
2470 2171 2599 2213 quum

338 2236 472 2294 μῖσος
504 2237 700 2280 κτᾶσθαι
730 2234 856 2294 ἀμφί
884 2250 982 2278 τινα
1011 2235 1125 2277 idem
1156 2243 1227 2278 est
1256 2243 1387 2290 atque
1416 2233 1553 2291 μισεῖν
1583 2249 1696 2277 τινα.
1755 2235 1868 2276 Nam
1898 2235 1937 2276 si
1955 2234 2151 2276 κτᾶσθαι
2168 2233 2303 2290 μῖσος
2318 2238 2599 2286 statuerimus

340 2302 608 2373 significare:
640 2318 782 2357 odium
813 2317 897 2357 sibi
927 2327 1195 2368 comparare,
1227 2313 1426 2356 odiosum
1457 2328 1575 2365 esse,
1618 2314 1748 2355 timeo
1791 2325 1846 2354 ne
1875 2312 2109 2354 absurdum
2140 2314 2240 2368 quid
2271 2326 2299 2355 a
2326 2321 2458 2368 pocta
2485 2316 2599 2358 scri-

341 2402 461 2452 ptum
488 2397 562 2450 sit,
592 2407 731 2450 neque
757 2395 870 2436 enim
888 2394 1039 2436 mirum
1057 2399 1144 2445 est,
1173 2393 1215 2436 si
1238 2393 1335 2448 quis
1365 2405 1509 2434 amore
1540 2392 1719 2447 capitur,
1752 2392 1824 2447 qui
1845 2391 2025 2435 odiosus
2055 2398 2128 2435 est
2155 2393 2420 2447 mulieribus,
2449 2392 2529 2438 scd
2559 2395 2601 2437 si

339 2477 409 2518 cui
446 2475 490 2516 id
530 2473 705 2525 accidit,
744 2475 815 2527 qui
855 2486 933 2514 cas
971 2471 1073 2513 odit.
1135 2471 1261 2524 Quae
1300 2484 1429 2526 quum
1469 2472 1530 2512 ita
1567 2472 1667 2522 sint,
1711 2471 1909 2522 efficitur,
1949 2477 1998 2512 ut
2026 2470 2216 2525 Emperii
2245 2471 2495 2526 conjectura
2524 2469 2597 2514 καὶ

338 2551 518 2598 λασθῶν
547 2550 681 2609 μῖσος
712 2548 934 2608 κτώμενον
963 2546 1011 2592 ὲκ
1042 2547 1243 2607 συνόχων
1274 2551 1300 2591 i.
1333 2563 1371 2592 e.
1402 2550 1476 2604 qui
1507 2551 1728 2604 perpetuis
1758 2551 1802 2594 in
1832 2562 1987 2593 omnes
2016 2550 2222 2593 mulieres
2254 2552 2599 2595 cavillationibus

342 2634 519 2675 odiosus
559 2634 614 2675 iis
655 2638 760 2683 crat,
801 2632 861 2673 sit
889 2629 1134 2684 rejicienda.
1192 2630 1331 2671 Multo
1362 2629 1642 2683 probabilius,
1683 2630 1724 2672 si
1756 2630 2018 2673 sententiam
2049 2630 2186 2671 solam
2216 2637 2483 2684 spectamus,
2512 2632 2598 2672 Ja—

339 2712 514 2754 cobsius
551 2707 618 2766 ήδ·
650 2705 834 2754 ἁπαλῶν
862 2723 909 2766 μ..
943 2720 1013 2749 κτ.
1045 2703 1097 2762 ἐξ
1127 2702 1300 2764 ὀνύχων
1330 2706 1604 2762 scribendum
1634 2721 1737 2750 esse
1768 2707 1959 2760 censuit,
1992 2714 2040 2750 ut
2068 2706 2299 2763 Euripides
2335 2708 2420 2762 „de
2450 2717 2597 2751 tenero

339 2792 497 2847 nngui“
515 2768 716 2832 mulieres
737 2791 888 2832 odisse
908 2788 1130 2829 diceretur.
1190 2785 1318 2839 Quod
1345 2787 1388 2827 in
1414 2785 1640 2840 proverbio
1660 2785 1799 2829 fuisse
1820 2783 2006 2830 Graecis
2037 2793 2215 2841 apparet
2244 2801 2301 2828 ex
2331 2788 2458 2839 locis,
2485 2800 2597 2842 quos
2645 2784 2650 2790 ’

337 2870 623 2913 Kreusslcrus
654 2870 697 2912 in
723 2870 864 2912 lexico
896 2867 1183 2912 Passowiano
1216 2865 1404 2921 collegit,
1439 2877 1576 2920 neque
1605 2877 1716 2919 opus
1746 2871 1819 2908 est
1847 2863 2008 2909 addere
2036 2866 2124 2908 tale
2153 2865 2253 2920 quid
2267 2866 2496 2920 aptissime
2515 2865 2599 2908 hoc

337 2951 436 2992 loco
476 2948 573 2989 dici.
632 2950 694 2990 At
733 2949 908 2990 nimium
950 2947 1062 2989 haec
1100 2942 1341 2986 emendatio
1382 2955 1409 2984 a
1447 2942 1571 2985 codd.
1612 2944 1824 2998 scriptura
1853 2941 2038 2996 recedit;
2078 2943 2190 2998 quod
2223 2956 2352 2999 quum
2383 2945 2599 2986 sensisset

336 3028 566 3085 Bergkius,
608 3026 748 3081 priore
786 3027 901 3069 illius
943 3030 1065 3081 parto
1103 3028 1270 3065 retenta
1308 3034 1350 3063 v.
1388 3021 1460 3065 6².
1499 3022 1559 3064 ita
1598 3020 1750 3064 edidit:
1791 3016 1863 3063 καὶ
1904 3016 2081 3065 πάντων
2119 3020 2253 3078 μῖσος
2293 3016 2517 3077 κτώμενον
2546 3015 2597 3074 ἐξ

344 3102 530 3163 ὀνύχων.
592 3106 752 3159 Neque
791 3111 935 3148 tamen
975 3101 1188 3156 exemplis
1219 3106 1388 3155 poterat
1416 3099 1712 3142 demonstrare
1742 3097 1940 3144 Graecos
1969 3100 2054 3142 hoc
2083 3103 2309 3154 proverbio
2340 3113 2447 3143 usos
2477 3113 2597 3149 esse,

335 3186 448 3239 quod
490 3196 589 3225 num
628 3183 815 3225 Romani
854 3196 910 3223 cx
937 3193 1099 3238 graeco
1128 3191 1332 3221 sermone
1360 3179 1607 3229 sumserint,
1647 3178 1777 3221 valde
1807 3179 2037 3232 quaeritur.
2093 3180 2294 3234 Denique
2322 3180 2599 3222 Hermannus

336 3263 494 3306 collato
534 3261 837 3316 Moschopulo‚
876 3261 949 3316 qui
988 3262 1033 3304 in
1077 3258 1181 3302 Vita
1217 3256 1435 3312 Euripidis
1471 3256 1581 3300 haec
1620 3257 1771 3301 refert:
1811 3253 2077 3314 σκυθρωπὸς
2115 3253 2162 3300 δὲ
2199 3255 2252 3300 τιὸ
2295 3246 2410 3312 ἦθος
2447 3243 2505 3312 ἦν,
2527 3253 2599 3299 καὶ
