2920 3800
1205 259 1546 311 ...ιιι-

258 399 450 453 exxipso
479 364 706 450 Philoxeni
732 394 932 446 carmine
968 396 1249 452 depromeret.
1301 402 1464 455 Neque
1491 399 1578 440 hoc
1602 399 1661 442 ab
1690 398 1788 453 ejas
1817 410 1936 440 noro
1965 398 2177 453 abhorret,
2215 412 2344 455 quum
2377 406 2495 443 reete

258 490 357 518 enm
386 476 599 531 Bergkius
623 491 683 517 π.
699 475 785 519 76.
824 475 970 518 vel-bis
1007 467 1091 518 imi»
1128 464 1339 530 πλατᾶνῳ
1377 471 1672 532 μολπάζοντα
1711 482 1861 519 notum
1899 473 2071 531 aliquod
2100 476 2293 520 Philotae
2320 489 2495 522 carmon

256 552 385 608 hujus
401 555 540 609 ipsius
555 559 712 608 poetae
739 552 888 596 verbis
916 551 1195 608 significasse
1225 555 1325 597 mihi
1354 555 1605 609 suspicatus
1635 566 1739 598 esse
1763 551 1983 609 videatur3
2011 558 2265 609 poteratque
2280 567 2332 598 eo
2351 555 2493 613 magis

256 633 333 675 tali
368 633 533 675 ratione
571 631 647 684 uti,
685 630 800 686 quod
834 631 951 692 istud
978 631 1208 679 Philoxeni
1244 645 1416 688 carmen
1453 647 1539 679 nun
1578 633 1719 676 solum
1749 627 2016 688 aequalibus,
2053 645 2202 675 verum
2233 633 2364 676 etiam
2392 646 2494 688 pras

258 711 415 754 ceteris
454 709 662 763 Leontio,
702 709 774 752 cui
811 709 894 753 hos
931 709 1157 754 dedicavit.
1186 711 1362 767 elegos,
1402 717 1549 753 notum
1588 718 1698 765 erat3
1737 712 1897 753 etenim
1936 723 1993 752 ex
2028 711 2311 767 sequentibus
2349 712 2495 754 verbis

259 786 417 832 ἀΐουσα
447 785 588 844 μέγαν
615 784 757 831 πόθον
794 790 940 846 colligi
977 795 1126 845 potest
1162 794 1335 844 poetam
1363 772 1534 843 puellae
1561 803 1669 832 suae
1697 790 1814 833 istud
1844 803 2016 833 carmen
2045 791 2267 834 recitasse.
2324 789 2496 843 Restat,

257 877 307 912 ut
344 868 400 911 de
427 868 601 923 reliquis
629 869 790 923 verbis,
829 883 939 925 quae
968 883 1053 913 uon
1081 869 1225 911 minus
1261 856 1474 910 vexarunt
1501 869 1765 924 interpretes,
1805 870 1959 912 dicam.
2018 869 2087 912 Ac
2114 871 2292 923 primum
2322 867 2496 925 quidm

257 949 419 1005 ambigi
449 960 534 988 non
560 954 720 1002 potest,
760 949 859 1003 quin
890 950 945 990 iis
975 961 1145 1003 quoque
1174 955 1304 1002 poeta
1334 948 1561 989 Philoxeni
1601 962 1772 991 carmen
1801 949 2048 1006 significare
2077 950 2269 1000 voluerit,
2308 948 2351 990 id
2381 946 2497 1002 qood

260 1015 411 1068 omnes
451 1026 542 1066 fere
580 1026 766 1068 editores
803 1033 920 1068 reete
949 1034 1283 1080 perspexerunt3
1323 1033 1368 1067 at
1397 1040 1482 1068 non
1510 1028 1653 1068 minus
1684 1029 1841 1068 clarum
1872 1035 1943 1069 est
1973 1028 2079 1090 ferri!
2103 1040 2187 1067 non
2215 1040 2347 1080 posse
2376 1027 2496 1068 Her—

257 1106 400 1147 manni
431 1106 773 1158 explicationem,
806 1106 876 1147 cui
903 1111 1035 1159 poeta
1062 1107 1188 1164 visus
1219 1111 1289 1146 est
1318 1103 1463 1146 dicere
1490 1103 1745 1156 „Galateam
1764 1107 1979 1148 tibicinam
1997 1108 2176 1160 primum
2193 1119 2302 1146 oves
2316 1106 2497 1159 pavisse
2532 1126 2537 1135 1

257 1196 396 1239 eoquo
428 1183 519 1238 jam
555 1189 748 1238 tempore
788 1196 933 1224 amore
970 1183 1219 1225 incendisse
1247 1171 1583 1238 Philoxenum“;
1623 1196 1764 1238 neque
1802 1186 1915 1225 enim
1945 1181 2154 1225 τίθεσθαι
2180 1179 2321 1224 πόθου
2352 1190 2499 1237 potest.

258 1275 361 1305 esse
389 1273 578 1324 amorem
609 1273 713 1317 erga
742 1262 927 1316 aliquem
966 1263 1210 1317 concipere,
1244 1274 1385 1317 neque
1426 1255 1508 1304 ὑπὸ
1547 1258 1710 1319 μήλοις
1747 1262 1862 1322 apud
1900 1276 2023 1314 oves,
2069 1275 2152 1304 nec
2180 1262 2364 1318 denique
2391 1276 2496 1318 pro-

257 1354 413 1384 nomen
452 1334 613 1384 αὐτοῖς
648 1320 750 1395 tiuid
789 1340 874 1382 sibi
909 1342 1016 1382 velit
1053 1341 1314 1398 intelligitur.
1373 1341 1554 1383 Rectius
1589 1342 1720 1397 igitur
1757 1342 1860 1382 mihi
1900 1343 1930 1382 ii
1966 1341 2020 1383 de
2060 1342 2145 1383 hoc
2173 1343 2271 1383 loco
2301 1341 2497 1384 videntur

252 1418 501 1476 Judicasse,
547 1419 622 1474 qui
664 1419 798 1460 verba
847 1411 1139 1461 ὑποτίθεσθαι
1184 1414 1325 1462 πόθον
1368 1420 1615 1477 significare
1663 1425 1921 1475 putaverunt
1968 1432 2157 1462 amorem
2205 1419 2379 1475 injicere
2423 1421 2497 1462 vel

257 1499 443 1544 tribuere
462 1502 685 1556 totumque
702 1498 843 1540 locum
861 1497 922 1540 ita
946 1497 1258 1551 intellexerunt,
1289 1504 1337 1540 ut
1364 1498 1627 1541 Philoxenus
1658 1497 1872 1541 diceretur
1900 1499 1985 1554 ipsi
2014 1500 2158 1541 ovium
2183 1500 2292 1555 proli
2310 1511 2496 1542 amore·

261 1576 474 1623 Galateae
510 1575 721 1620 indidisse
759 1588 940 1631 eamque
976 1576 1104 1619 istius
1143 1576 1355 1619 desiderio
1393 1576 1644 1633 flagrantem
1682 1579 1726 1619 in
1764 1576 1962 1633 Cyclope
1999 1577 2240 1632 induxisse,
2285 1585 2331 1621 ut
2368 1590 2495 1634 quan

259 1656 457 1700 amabilis
485 1656 573 1699 ista
602 1657 725 1712 virgo
758 1654 935 1708 fuisset,
977 1637 1174 1698 omnibus
1213 1660 1314 1696 ante
1344 1655 1495 1696 oculos
1524 1661 1713 1708 poneret.
1772 1655 1871 1697 Hoc
1900 1668 1928 1697 a
1955 1655 2194 1697 Philoxeno
2223 1657 2364 1710 aliquo
2395 1667 2496 1697 car·

261 1737 388 1778 minis
418 1736 488 1777 sui
517 1735 613 1775 loco
643 1733 789 1774 fictum
821 1737 924 1776 esse
953 1734 1055 1774 mihi
1084 1746 1223 1788 aeque
1251 1733 1486 1775 verisimile
1517 1740 1602 1787 est,
1635 1739 1765 1787 atque
1795 1747 1893 1775 eum
1921 1735 2180 1777 vocabulum
2211 1730 2412 1789 πρόγονοι
2440 1734 2494 1775 ab

257 1816 383 1856 Hom.
415 1813 495 1855 0d.
527 1813 603 1864 IX,
633 1813 734 1854 221.
765 1825 869 1854 esse
899 1819 1150 1854 mutuatum.
1207 1814 1372 1865 Itaque,
1411 1819 1460 1853 ut
1489 1813 1632 1854 omnia
1660 1815 1932 1865 complectar,
1962 1813 2017 1855 de
2046 1814 2282 1855 Philoxeno
2309 1814 2493 1854 Herme-

260 1894 415 1934 sianax
443 1892 626 1933 Leontio
657 1905 765 1933 suae
794 1891 905 1933 haec
935 1891 1104 1932 scribit:
1148 1890 1299 1932 Virum
1331 1888 1537 1944 Cytheris
1568 1889 1803 1939 oriundum,
1843 1904 1971 1946 quem
1999 1890 2160 1933 Bacchi
2189 1891 2384 1933 aluerunt
2412 1904 2497 1933 nu-

259 1973 406 2023 trices,
453 1969 708 2011 fidissimum
748 1970 879 2010 tibiae
918 1968 1157 2021 custodem,
1196 1981 1223 2008 a
1259 1967 1402 2009 Musis
1443 1966 1670 2009 educatum
1709 1968 1991 2010 Philoxenum
2031 1969 2243 2023 quomodo
2284 1968 2498 2011 incondito

259 2049 488 2103 perculsus
519 2048 706 2090 clamore
744 2046 968 2102 (Dionysii
997 2046 1149 2099 minis]
1186 2059 1264 2100 per
1291 2045 1404 2088 hanc
1431 2046 1598 2089 venerit
1627 2046 1791 2100 urbem,
1820 2047 1994 2100 novisti,
2026 2059 2154 2102 quum
2185 2060 2386 2104 magnum
2413 2061 2496 2090 au-

260 2127 420 2170 diveris
450 2123 725 2177 desiderium,
756 2123 870 2179 quod
899 2125 1008 2179 ipsis
1039 2125 1163 2181 agnis
1195 2123 1355 2165 indidit.

376 2220 419 2250 v.
451 2205 522 2248 7¹7.
566 2198 769 2246 Βαττίδα
806 2217 883 2258 pro
918 2199 1105 2245 Βιττίδα
1142 2201 1415 2246 scribendum
1453 2215 1556 2245 esse
1586 2179 1678 2258 jam
1718 2202 1986 2260 Scaligerus
2007 2210 2126 2246 recte
2155 2206 2330 2257 monuit,
2362 2217 2497 2261 quum

260 2285 388 2330 Ovid.
419 2285 547 2330 Trist.
577 2285 610 2336 1,
639 2283 681 2336 6,
712 2284 753 2325 2.
785 2296 851 2337 ep.
883 2296 938 2324 ex
967 2282 1093 2324 Pont.
1124 2283 1196 2335 111,
1232 2283 1269 2335 1,
1299 2282 1371 2334 58,
1409 2283 1482 2337 qui
1518 2283 1613 2324 sine
1643 2281 1770 2324 dubio
1801 2289 1844 2323 et
1876 2283 1971 2337 ipse
1999 2283 2194 2325 Philetae
2223 2284 2359 2340 elegis
2389 2296 2497 2326 usus

260 2372 344 2418 est,
386 2377 482 2407 eam
521 2363 707 2418 puellam
746 2360 961 2404 Battidem
998 2363 1283 2404 nominaverit
1322 2367 1366 2403 et
1405 2361 1540 2416 major
1579 2360 1689 2403 fides
1719 2360 1864 2404 Ovidii
1894 2374 2022 2416 quam
2050 2362 2264 2404 Athenaei
2291 2362 2410 2405 libris
2439 2363 2498 2405 sit

259 2444 470 2488 habenda.
532 2443 734 2484 Ceterum
764 2443 922 2484 clarum
954 2448 1038 2495 est,
1069 2449 1239 2496 poetam
1270 2442 1416 2483 verbis

772 2518 974 2561 Βαττίδα
1003 2518 1295 2578 μολπάζοντα
1323 2517 1447 2576 θοήν,
1477 2514 1571 2575 περὶ
1600 2514 1746 2561 πάντα
1777 2516 1975 2575 ozam&

893 2636 895 2638 .
941 2596 1120 2657 ῥήματα
1151 2596 1222 2641 καὶ
1253 2600 1396 2642 πᾶσαν
1424 2593 1631 2656 ῥυόμενον
1660 2594 1816 2654 λαλιήν

263 2683 406 2724 omnia
451 2681 647 2721 Philotae
693 2679 853 2731 scripta
897 2680 1156 2733 significare.
1215 2680 1318 2720 Fuit
1362 2687 1507 2719 autem
1544 2678 1734 2719 Philetas
1785 2691 1867 2718 non
1907 2678 2046 2718 solum
2083 2683 2211 2730 poeta
2249 2673 2330 2717 sed
2368 2677 2501 2718 etiam

264 2759 585 2822 grammaticus,
623 2764 668 2799 et
704 2763 871 2811 praeter
911 2757 1062 2813 elegos
1091 2758 1254 2808 librum,
1293 2757 1364 2798 cui
1390 2749 1602 2796 ’Ἄτακτα
1631 2756 1726 2796 sive
1756 2749 1947 2808 γλῶσσαι
1977 2761 2068 2796 erat
2096 2755 2263 2807 titulus,
2294 2755 2503 2808 scriptum

264 2840 447 2894 reliquit,
485 2835 598 2891 quod
627 2837 688 2877 ita
719 2836 934 2889 expressit
962 2836 1295 2888 Hermesianax,
1334 2841 1382 2876 ut
1410 2847 1509 2874 eum
1539 2833 1620 2875 sub
1650 2834 1821 2886 platano
1851 2831 2062 2874 Battidem
2104 2833 2356 2874 celebrasse
2386 2840 2431 2875 et
2459 2835 2503 2876 in

262 2920 407 2960 verbis
447 2917 646 2985 omnique
683 2928 881 2956 sermone
929 2912 1183 2966 explicando
1219 2913 1443 2953 laborasse
1482 2909 1653 2952 diceret.
1712 2911 1881 2952 Etenim
1927 2911 2106 2952 verbum
2144 2905 2324 2968 ῥύεσθαι
2366 2926 2503 2966 paene

262 2995 529 3039 intolerabile
568 3000 639 3035 est
676 2993 761 3035 hoc
789 2994 900 3046 loco,
939 3005 1067 3047 quum
1099 2984 1275 3049 ῥύεσθαι
1303 2986 1399 3045 περί
1428 3004 1475 3030 τι
1513 3002 1567 3029 ne
1595 3001 1797 3044 graecum
1827 2988 1997 3043 quidem
2028 2978 2100 3041 sit,
2130 3003 2273 3044 neque
2303 2998 2404 3045 apte
2431 2991 2502 3032 hic

263 3073 360 3131 περί
398 3073 615 3115 adverbii
626 3074 768 3113 locum
807 3079 951 3113 tenere
987 3077 1146 3124 potest.
1205 3073 1354 3123 ltaque
1404 3069 1647 3110 rectissime
1684 3069 1954 3111 Hermannus
1999 3069 2085 3110 hoc
2121 3071 2378 3111 vocabulum
2415 3085 2503 3113 una

264 3141 439 3207 adiecta
475 3152 598 3194 litera
635 3152 679 3192 in
708 3146 944 3206 τρυόμενον
973 3154 1168 3190 mutasse
1199 3147 1301 3189 mihi
1329 3145 1512 3200 videtur,
1553 3158 1636 3201 quo
1668 3146 1785 3188 facto
1815 3153 1858 3188 et
1889 3160 1954 3200 ea,
1995 3159 2123 3203 quam
2155 3147 2257 3201 dixi,
2287 3151 2504 3191 sententia

269 3232 458 3283 exsistit,
490 3235 535 3271 et
562 3229 634 3271 hic
661 3229 790 3285 locus
819 3230 960 3284 aliquo
988 3226 1116 3269 modo
1147 3239 1244 3269 cum
1272 3226 1485 3268 Athenaei
1515 3225 1618 3279 (IX,
1648 3225 1748 3267 401.
1779 3226 1854 3278 E.)
1884 3233 1930 3267 et
1958 3226 2122 3269 Suidae
2138 3228 2379 3269 narratione
2394 3241 2503 3271 con-

266 3311 382 3363 cinit,
412 3309 485 3364 qui
513 3308 722 3349 Philotam
752 3307 882 3348 nimio
912 3307 1126 3348 literarum
1155 3304 1300 3347 studio
1327 3311 1506 3348 mortem
1533 3305 1810 3347 accelerasse
1840 3304 2026 3348 tradunt.
2088 3300 2307 3405 Τρύεέθαι
2335 3305 2430 3364 περι·
2452 3320 2503 3349 -τι
