2920 3800
1320 248 1389 257 ..
1459 221 1525 273 12
1578 247 1661 287 1-

540 370 584 400 v.
614 355 686 400 40.
724 367 855 411 quum
891 351 941 396 ἐκ
978 351 1150 400 παντὸς
1183 351 1465 413 παυσάμενος
1494 353 1704 415 καμάτου
1741 359 1949 402 scriberet
1974 363 2118 414 poet-a,
2158 357 2256 401 siae
2273 358 2414 404 ,dubio
2441 373 2529 406 non
2557 361 2615 405 dc

368 437 601 489 laboribus,
640 448 753 491 quos
787 434 1076 477 Antimachus
1104 435 1272 486 tulerat,
1308 435 1389 477 sed
1419 435 1474 477 de
1502 437 1670 491 dolore,
1695 449 1822 492 quem
1853 438 1910 480 ob
1938 437 2144 480 amissam
2172 438 2389 481 sentiebat
2415 441 2613 495 amicam,

368 516 591 574 cogitavit,
620 514 872 570 praesertim
903 502 1033 569 quum
1062 520 1189 554 antea
1217 508 1418 565 βίβλους
1448 508 1545 572 ἱράς
1572 515 1599 556 i.
1630 527 1686 570 e.,
1716 521 1764 557 ut
1791 522 1911 560 recte
1923 515 2372 572 Schweighaeuserus
2399 517 2614 575 interpre-

368 603 488 639 tatus
520 602 603 646 est,
641 594 875 635 memoriae
902 593 1050 648 Lydes
1081 599 1277 634 saoeatas
1306 593 1475 647 dixerit,
1513 604 1598 648 quo
1627 593 1787 634 clarius
1814 595 2135 640 celeberrimum
2163 594 2411 639 Antimaohi
2439 605 2612 642 carmen

367 674 648 733 significaret.
706 670 834 725 Quae
870 684 998 726 quum
1036 672 1098 712 ita
1133 673 1236 726 sint,
1274 673 1543 728 participium
1580 672 1730 714 aoristi
1767 672 1868 716 huic
1904 675 2001 718 loco
2031 689 2115 720 non
2143 673 2313 718 videtur
2340 681 2500 731 aptum,
2530 677 2610 720 sed

369 768 457 798 una
482 747 649 797 mutata
675 752 801 793 litera
829 750 1017 792 scribere
1045 751 1190 804 placet
1217 748 1506 809 παυσάμενος,
1540 764 1625 807 quo
1649 751 1765 794 facto
1785 764 1839 793 ea
1856 764 1968 807 quae
1984 755 2300 798 Hermesianax
2314 761 2472 807 narrat,
2500 756 2611 799 bene

371 846 469 877 cum
498 830 720 874 Plutarchi
748 831 844 872 loco
875 829 1063 882 (Morall.
1094 818 1282 883 11‚*106‚
1311 830 1386 883 Β.)
1418 831 1659 880 concinunt,
1689 842 1815 884 quem
1846 830 2206 875 Schneidewinus
2231 834 2391 875 attulit:
2421 830 2610 877 ’Δποθω

370 906 531 967 νούσης
566 909 654 967 τῆς
699 904 905 965 γυναικὸς
942 899 1087 949 αὐτοῦ
1128 904 1287 964 Λύδης,
1333 904 1612 965 παραμύθιον
1646 904 1915 966 τῆςλύπης
1952 903 2077 965 αὐτῷ
2116 905 2288 967 ἐποίησε
2313 907 2396 966 τὴν
2424 907 2611 969 ἐλεγείαν

371 985 456 1047 την
481 985 758 1045 καλουμένην
787 983 942 1043 Λύδην,
981 980 1388 1043 ἐξαριθμησάμενος
1416 985 1503 1032 τὰς
1534 983 1725 1043 ἣρωΐκᾶς
1754 982 2006 1044 συμφοράς,
2037 985 2135 1032 τοῖς
2166 984 2423 1047 ἀλλοτρίοις
2452 989 2610 1035 κακοῖς

369 1062 546 1111 ἐλάττω
575 1061 658 1122 τὴν
687 1062 853 1108 ἑαυτοῦ
881 1062 1016 1110 ποιῶν
1045 1056 1204 1123 λύπην.

541 1158 585 1188 v.
616 1143 686 1188 4⁷.
717 1144 931 1199 scriptura
960 1141 1084 1186 codd.
1116 1139 1354 1199 ἀνεδέξατο
1386 1144 1470 1186 etsi
1499 1151 1645 1199 potest
1675 1146 1816 1201 aliquo
1845 1144 1970 1188 modo
1989 1146 2206 1200 explicari,
2237 1152 2285 1188 ut
2300 1148 2378 1189 sit:
2408 1149 2612 1191 sustinuit

366 1226 718 1278 comissationes,
755 1230 902 1265 tamen
931 1234 1032 1264 cum
1064 1223 1322 1264 vocabulum
1354 1221 1506 1280 κῶμος
1536 1224 1666 1265 etiam
1695 1223 1752 1266 de
1782 1224 2039 1267 carminibus
2068 1225 2266 1280 usurpari
2294 1226 2469 1278 soleret,
2498 1240 2611 1281 quae

371 1305 469 1361 quis
500 1304 750 1346 comissans
781 1301 978 1354 canebat,
1009 1301 1252 1357 elegantius
1293 1301 1372 1343 erit
1402 1314 1456 1342 ex
1487 1301 1737 1357 conjectura
1764 1303 2092 1346 Mitscherlicbii
2121 1303 2329 1346 scribere:
2360 1301 2609 1359 «ἐνεδείξατο

368 1385 396 1426 i.
428 1396 468 1426 e.
500 1381 735 1436 dedicavit,
773 1379 887 1436 quod
920 1379 1019 1434 jure
1055 1379 1330 1422 Herruaunus
1361 1387 1405 1421 et
1433 1379 1798 1424 Schneidewinus
1834 1383 2134 1437 praetulerunt.
2193 1381 2410 1434 ceterum,
2449 1390 2496 1424 nt
2526 1383 2611 1426 hoc

370 1461 540 1514 addam,
577 1460 732 1502 Alcaei
774 1459 818 1499 in
847 1458 1024 1510 Sappho
1071 1470 1260 1499 amorem
1297 1459 1427 1498 etiam
1472 1458 1527 1498 ab
1574 1458 1810 1502 artificibus
1845 1466 2210 1516 repraesentatum
2246 1459 2387 1502 tuisse
2424 1459 2613 1504 ostendit

363 1537 634 1583 wolckerus
681 1536 794 1589 (alte
821 1536 1084 1578 Denkmiler
1118 1537 1170 1576 11.
1208 1550 1251 1590 p.
1281 1536 1370 1579 225
1398 1537 1533 1591 sqq.).
1572 1535 1699 1589 Quod
1741 1544 1886 1580 autem
1913 1539 2226 1582 Hermesianax
2255 1539 2298 1580 in
2327 1539 2609 1594 sequentibus

366 1616 569 1660 versibus
598 1622 755 1669 narrat,
791 1615 1108 1656 Anacreontem
1138 1616 1294 1656 Alcaei
1321 1616 1536 1657 aemulum
1568 1616 1725 1670 fuisse,
1756 1617 1862 1672 ipsc
1891 1618 2007 1659 nulla
2035 1618 2240 1672 temporis
2269 1596 2434 1659 ratione
2462 1616 2608 1660 habita

365 1695 536 1738 videtur
563 1695 746 1736 finxisse
776 1692 832 1733 cf.
865 1693 1100 1748 Bergkium
1129 1694 1285 1733 Anacr.
1315 1706 1358 1746 p.
1392 1693 1488 1734 100.
1520 1694 1768 1751 Bernhardy
1795 1694 1897 1736 hist.
1926 1695 1988 1736 lit.
2017 1707 2080 1754 gr·
2109 1695 2164 1738 11.
2195 1694 2217 1738 1
2249 1706 2292 1751 p.
2321 1693 2421 1738 θα).

540 1787 583 1814 v.
613 1772 684 1814 51.
724 1768 973 1826 ἐφωμίλησ·
1012 1769 1251 1827 ’Δνακρὲων
1289 1774 1332 1812 in
1369 1772 1493 1812 codd.
1533 1774 1739 1827 scriptum
1780 1779 1866 1828 est,
1902 1772 2017 1829 quod
2053 1784 2182 1830 quum
2218 1775 2399 1830 propte?
2427 1779 2607 1817 metrum

365 1854 467 1897 ferri
494 1866 582 1895 non
610 1858 778 1906 posset,
810 1852 854 1891 in
882 1851 976 1892 VL.
1009 1850 1168 1891 editum
1199 1858 1288 1892 est:
1319 1848 1585 1907 'Avaupsa'oev-
1646 1852 1706 1892 At
1734 1857 1853 1893 recte
1881 1853 2152 1896 Hermannus
2180 1852 2479 1896 animadvertit
2503 1865 2609 1908 pro-

367 1933 612 1975 ductionem
654 1930 928 1984 penultimae,
968 1940 1097 1982 quam
1137 1929 1237 1970 alibi
1273 1931 1317 1970 in
1353 1931 1436 1971 hoc
1474 1931 1644 1972 nomine
1683 1942 1710 1971 a
1746 1931 1888 1984 poetis
1926 1937 2175 1984 usurpatam
2213 1943 2316 1974 esse
2352 1938 2523 1974 constat
2553 1932 2608 1974 cf.

369 2010 475 2052 Crit.
507 2009 557 2049 fr.
587 2009 632 2063 7,
662 2009 702 2050 2.
734 2002 900 2048 Simon.
931 2005 1012 2048 Cei
1041 2006 1090 2048 fr.
1121 2006 1193 2058 98,
1228 2007 1265 2048 1.
1297 2006 1634 2061 Schneidewin„
1665 2008 1746 2050 sub
1776 2008 1865 2050 ictu
1896 2020 2054 2050 versus
2084 2014 2129 2051 et
2151 2009 2397 2051 inusitatam
2413 2016 2457 2054 et
2470 2021 2609 2063 paene

362 2088 674 2132 intolerabilem
706 2098 832 2139 esse3
862 2097 1078 2141 quumque
1106 2092 1327 2141 praeterea
1356 2087 1398 2128 in
1428 2101 1470 2128 v.
1491 2082 1719 2144 ἐφομιλεῒν
1743 2086 1944 2129 videatur
1963 2085 2213 2140 offendisse,
2243 2086 2355 2141 qnod
2375 2089 2609 2130 insolenter

365 2180 464 2211 cum
494 2167 750 2210 accusativo
781 2172 853 2208 est
881 2163 1170 2219 conjunctum,
1201 2163 1256 2206 ad
1284 2165 1517 2208 violentam
1535 2167 1763 2208 verborum
1792 2164 2087 2219 trajectionem
2118 2166 2310 2222 confugit
2327 2167 2606 2220 scripsitque:

362 2242 617 2304 ’Δνακρείων
646 2240 865 2301 ἐφίλησεν.
925 2241 993 2286 Ob
1024 2241 1207 2287 eandem
1236 2243 1349 2286 hanc
1387 2257 1565 2287 causam
1595 2244 1810 2300 Bergkius
1847 2257 1960 2285 novo
1989 2244 2122 2285 verbo
2150 2247 2391 2299 composito
2421 2241 2608 2300 ἐφημιλ-

365 2321 525 2380 λήσατ’
555 2320 795 2381 ’Δνακρέων
825 2320 1012 2377 conjecit
1040 2322 1067 2363 i.
1102 2334 1140 2363 e.
1173 2322 1364 2364 certatim
1393 2336 1488 2365 eam
1518 2328 1774 2377 persecutus
1806 2328 1903 2384 est,
1919 2320 2032 2376 quod
2064 2335 2091 2363 a
2118 2330 2246 2376 poeta
2262 2324 2451 2377 positum
2467 2324 2609 2365 fuisse

365 2402 443 2445 vix
472 2400 733 2444 crediderim.
792 2400 899 2443 Mihi
929 2406 1050 2442 tanta
1077 2401 1315 2443 mutatione
1345 2415 1430 2443 non
1460 2401 1630 2443 videtur
1659 2413 1770 2454 opus
1799 2413 1915 2452 esse,
1953 2399 2032 2442 sed
2062 2401 2189 2455 plene
2216 2407 2381 2444 tantum
2410 2403 2607 2445 scriben-

364 2480 466 2524 dum
497 2475 791 2536 ἐφωμίλησεν,
822 2492 906 2534 quo
938 2478 1056 2522 facto
1087 2478 1210 2521 codd.
1242 2482 1454 2536 scriptura
1483 2477 1721 2538 Ἀνακρέων
1738 2486 1884 2534 potest
1901 2480 2086 2521 retineri.
2143 2480 2267 2522 hicet
2296 2481 2409 2522 enim
2428 2466 2607 2523 verbum

362 2551 593 2615 ἐφομιλεΐν
620 2559 790 2612 proprie
817 2557 1006 2599 dativum
1037 2559 1235 2611 requirat,
1277 2566 1425 2612 potest
1453 2566 1596 2600 tamen
1628 2560 1908 2599 accusativus
1938 2559 2081 2612 aliquo
2110 2557 2237 2599 modo
2261 2558 2448 2612 defendi,
2477 2570 2607 2614 quum

359 2637 403 2679 in
433 2636 594 2679 talibus
623 2637 772 2678 verbis
796 2628 1076 2678 intransitivis
1093 2637 1327 2690 particulae
1345 2638 1416 2678 vis
1439 2649 1739 2691 nonnunquam
1758 2636 1956 2677 videatur
1973 2637 2285 2690 praevaluisse,
2315 2619 2429 2679 unde
2445 2637 2615 2679 factum·

357 2721 450 2769 est,
496 2722 546 2757 ut
593 2727 692 2757 cum
743 2728 796 2756 eo
835 2727 940 2756 casu
978 2713 1360 2771 conjungerentur,
1408 2717 1481 2770 qui
1528 2717 1698 2770 proprie
1746 2715 2109 2769 praepositionem
2161 2716 2285 2769 sequi
2323 2713 2508 2758 debebat
2547 2714 2603 2756 cf.

357 2792 568 2850 Kruegeri
605 2807 668 2849 gr.
708 2806 773 2849 gr.
814 2793 874 2845 11,
914 2793 958 2845 2,
996 2793 1068 2846 48,
1109 2793 1176 2845 11,
1218 2797 1259 2836 4.
1318 2794 1396 2836 Sic
1434 2795 1517 2835 hoc
1553 2796 1649 2835 loco
1678 2793 1994 2841 Hermesianax
2033 2787 2261 2847 ἐφομιλεῒν
2299 2806 2374 2847 pro
2404 2790 2604 2849 μεθέπειν

358 2869 426 2923 (v.
457 2869 552 2924 66.)
583 2872 729 2925 posuit
757 2871 843 2914 hac
872 2871 965 2913 fere
994 2873 1231 2913 sententia:
1277 2871 1387 2914 Cum
1421 2885 1474 2913 ea
1504 2873 1616 2914 enim
1646 2872 1834 2912 mellitus
1865 2871 2168 2913 commercium
2197 2872 2346 2914 habuit
2377 2872 2604 2914 Anacreon

359 2954 559 2992 sectatus
590 2963 670 2993 seu
700 2957 878 2994 sectans
909 2951 1038 3001 illam,
1071 2964 1197 3005 quum
1228 2931 1447 2993 inc'ederet
1475 2952 1620 2993 multis
1649 2951 1805 3005 puellis
1835 2951 1990 2992 cincta.
2051 2951 2116 2992 lta
2147 2953 2257 2993 enim
2282 2956 2400 2993 recte
2419 2949 2604 2992 Schnei-

359 3026 557 3071 dewinus
586 3029 764 3071 verbum
795 3025 1062 3071 στέλλεσθαι
1092 3031 1307 3082 explicuit.

531 3120 575 3147 v.
594 3106 666 3148 52.
695 3107 910 3164 Bergkius
930 3107 1182 3164 languidum
1201 3115 1321 3150 ratus
1342 3108 1560 3161 epitheton
1581 3102 1776 3151 πολλαῖς
1800 3107 1975 3160 scripsit
1991 3102 2197 3152 ἁπαλαῖς.
2246 3107 2304 3148 At
2320 3104 2519 3148 traditum
2536 3111 2607 3147 est

361 3184 542 3239 Sappho
559 3186 788 3227 multarum
805 3187 1005 3229 nobilium
1022 3187 1236 3242 virginum
1254 3185 1566 3228 consuetudine
1582 3197 1706 3226 usam
1725 3197 1845 3238 esse,
1875 3185 1928 3227 cf.
1949 3184 2198 3240 Bernhardy
2215 3185 2242 3226 l.
2262 3197 2300 3227 c.
2318 3197 2359 3239 p.
2376 3183 2466 3225 594
2485 3194 2605 3238 sqq.;

359 3263 459 3318 quid
478 3261 727 3321 languidum
744 3264 888 3321 igitur,
907 3266 946 3307 si
964 3265 1052 3309 hoc
1067 3265 1308 3321 respiciens
1330 3272 1459 3321 poeta
1471 3265 1617 3307 multis
1636 3277 1731 3307 eam
1750 3264 1906 3319 puellis
1924 3263 2228 3307 comitantibus
2246 3260 2448 3305 incedere
2466 3260 2606 3304 dixit?
