2920 3800
1285 265 1625 316 —16—

322 407 436 450 quae
463 395 655 439 nutrices
684 396 976 441 Philoxenum
1007 401 1312 457 nutrivissent,
1339 409 1569 457 appareret
1595 414 1738 460 noque
1763 400 2035 459 partieipia·
2061 396 2355 446 παιδευθέντα
2383 414 2443 446 ex
2464 415 2578 447 sen-

322 474 459 519 tenua
485 474 722 520 normanni
760 477 823 520 ita
861 476 1049 534 intelligi
1085 486 1255 533 posset,
1290 486 1340 522 ut
1378 489 1502 523 osset
1539 483 1814 537 castigatum.
1873 483 1975 534 lpse
2012 482 2167 534 paucis
2195 483 2371 521 mutatis
2401 475 2580 538 eg'regie

330 550 414 595 hos
443 563 604 597 vorsus
633 552 694 597 ita
722 552 991 598 emendavit:
1401 589 1405 593 ⁷

835 624 970 690 ἄνδρα
998 627 1046 675 δὲ
1073 627 1152 675 τὸν
1180 630 1450 692 Κυθέρηθεν.
1482 628 1532 677 ὃν
1560 628 1816 691 ἐθρέψαντο
1847 634 2022 692 τιθῆναι

920 704 1128 768 Βάκχου,
1158 708 1238 754 τὸν
1266 707 1419 755 λωτοῦ
1449 708 1725 757 πιστότατον
1753 710 1933 770 ταμίην,

836 783 1040 836 Μούσαις
1067 786 1359 834 παιδευθέντα
1390 787 1638 848 Φιλόξενον.

323 865 475 922 Itaque
502 866 820 912 Hermesiauax
848 868 1134 912 Philoxenum
1164 871 1486 914 celeberrimum
1514 878 1688 927 poetam
1716 869 2075 927 dithyrambicum
2107 873 2307 916 nutritum
2336 884 2443 915 esso
2472 869 2576 914 dicit

323 957 352 988 a
379 945 546 988 Bacchi
573 948 810 990 nutricibus
840 948 867 989 i.
898 960 938 989 e.
969 961 997 989 a
1025 948 1261 1005 Nymphis,
1290 950 1374 1004 (cf.
1403 957 1573 1005 praeter
1609 951 1752 992 locum
1780 961 1810 991 a
1836 949 2058 992 Heiuekie
2089 964 2147 993 ex
2171 951 2306 1006 Soph.
2335 949 2444 994 Oed.
2475 949 2571 993 Col.

323 1022 426 1066 ⁶⁷9.
442 1025 618 1066 allatum
635 1026 791 1067 Jacohi
821 1025 1274 1077 (Haudwoerterbuch
1296 1029 1371 1071 der
1386 1030 1546 1086 griech.
1577 1027 1666 1070 uud
1686 1040 1818 1069 roem.
1833 1028 2106 1085 Mythologie
2120 1041 2161 1083 p.
2179 1029 2321 1083 eet),
2353 1029 2580 1071 exstitisse

323 1100 582 1145 fidissimum
620 1105 751 1146 tibiae
789 1103 1040 1158 custodem,
1083 1106 1312 1149 educatum
1353 1120 1455 1149 esse
1495 1120 1522 1149 a
1550 1107 1708 1149 Musis.
1767 1106 1965 1162 Denique
2005 1107 2050 1149 in
2078 1107 2150 1160 iis,
2190 1118 2302 1161 quae
2330 1113 2582 1163 sequuntur,

323 1181 519 1238 Heringa
559 1195 636 1235 pro
676 1177 856 1238 μηλίοις
895 1186 1089 1238 reposuit
1116 1181 1326 1241 μηλείοις,
1358 1198 1443 1241 quo
1474 1187 1591 1228 facto
1622 1185 1780 1240 omnia,
1821 1196 1933 1241 quae
1961 1185 2005 1227 in
2036 1184 2122 1227 hoc
2149 1185 2247 1227 loco
2279 1185 2585 1228 commiserunt

325 1261 487 1303 librarii
509 1262 636 1316 vitia,
664 1262 864 1304 videntur
891 1275 997 1305 esse
1026 1264 1222 1319 sublata3
1253 1264 1334 1307 sed
1363 1266 1591 1320 quaeritur,
1622 1263 1836 1321 quomodo
1850 1264 1984 1307 verba
2004 1257 2079 1306 οἶα
2107 1260 2343 1320 τιναχθεὶς
2369 1274 2467 1318 sqq.
2497 1263 2586 1306 sint

325 1340 597 1396 explicanda,
635 1353 766 1396 quum
805 1342 1008 1383 nonnulla
1043 1343 1087 1383 in
1124 1343 1179 1384 iis
1216 1344 1363 1397 insint,
1404 1355 1516 1398 quae
1556 1343 1785 1387 obscurius
1816 1341 1932 1385 dicta
1961 1347 2006 1384 et
2033 1341 2088 1383 ab
2120 1340 2353 1384 editoribus
2384 1342 2585 1384 carminis

326 1432 414 1460 non
459 1426 580 1461 recte
624 1421 845 1461 intellecta
894 1431 1000 1461 esse
1043 1419 1281 1463 videantur.
1342 1422 1390 1463 ln
1427 1421 1579 1464 horum
1618 1430 1841 1465 numerum
1879 1426 1981 1464 ante
2018 1420 2162 1464 omnia
2200 1419 2415 1463 retulerim
2451 1420 2585 1463 verba

325 1493 560 1554 τιναχθεὶς
598 1490 758 1555 ὠρυγῇ,
797 1510 909 1554 quae
945 1499 985 1540 si
1027 1500 1190 1542 rectius
1227 1499 1324 1542 aliis
1362 1499 1668 1556 interpretatus
1698 1512 1788 1556 ero,
1826 1497 1964 1543 debeo
1994 1498 2079 1543 hoc
2107 1496 2179 1543 Fr.
2207 1496 2389 1550 Palmio‚
2414 1498 2585 1556 ,rectori

325 1579 607 1630 amicissimo,
637 1577 692 1618 ad
722 1589 863 1631 quem,
893 1588 1022 1632 quum
1049 1577 1141 1633 jam
1170 1577 1226 1619 de
1255 1578 1310 1621 iis
1340 1577 1629 1633 desperarem,
1660 1578 1852 1636 confugi.
1911 1576 2089 1621 Certum
2117 1575 2288 1638 videt-ur
2329 1587 2433 1619 esse
2460 1577 2580 1620 Her-

323 1656 637 1696 mesianactem
666 1656 797 1696 etiam
825 1655 910 1709 hic,
940 1662 989 1697 ut
1018 1657 1134 1710 alibi,
1164 1669 1250 1698 non
1279 1657 1421 1698 solum
1451 1656 1554 1712 quid
1583 1656 1809 1711 scripserit
1835 1662 1980 1712 poeta,
2010 1654 2066 1697 de
2095 1666 2180 1710 quo
2205 1655 2312 1711 agit,
2331 1653 2422 1697 *sed
2451 1655 2582 1698 etiam

323 1732 427 1787 quid
465 1733 623 1787 tulerit,
660 1733 815 1788 paucis
851 1733 1013 1788 verbis,
1052 1740 1100 1776 ut
1138 1747 1234 1777 mos
1273 1741 1343 1777 est
1382 1721 1492 1789 ejus,
1539 1734 1787 1791 siguificare
1824 1734 2021 1777 voluisse
2055 1745 2226 1788 quoque
2266 1733 2420 1775 melius
2465 1732 2583 1776 hunc

324 1823 453 1854 suum
482 1811 612 1853 finem
641 1818 962 1866 assequeretur,
993 1813 1133 1866 ipsius
1164 1813 1390 1855 Philoxeni
1419 1814 1566 1855 verbis
1596 1826 1701 1854 esse
1729 1826 1872 1855 usum.
1937 1812 2112 1869 Scimus
2143 1811 2258 1852 enim
2286 1810 2586 1865 Philoxenum,

325 1901 457 1944 quum
486 1887 602 1944 apud
631 1888 888 1945 Dionysium
918 1896 1160 1946 tyrannum,
1192 1905 1376 1947 quocum
1407 1892 1594 1934 maxima
1610 1890 1867 1946 conjunctus
1884 1898 1975 1933 erat
1989 1890 2289 1941 familiaritate,
2321 1897 2581 1943 versaretur,

326 1980 475 2011 amore
503 1973 678 2022 captum
708 1979 812 2010 esse
842 1965 1076 2023 Galatea03
1108 1983 1236 2024 quam
1267 1983 1396 2024 quum
1426 1971 1523 2024 ipse
1554 1976 1716 2011 amaret
1747 1969 1988 2024 Dionysius
2042 1981 2070 2009 a
2099 1975 2278 2022 tyranno
2296 1969 2339 2009 in
2357 1969 2586 2010 lautumias

326 2051 398 2088 est
428 2044 659 2101 conjectus
688 2044 744 2087 cf.
776 2045 878 2088 Ath.
908 2047 942 2088 1.
971 2046 1014 2089 6.
1045 2046 1119 2102 F.;
1150 2045 1264 2090 unde
1294 2061 1424 2104 quum
1453 2048 1496 2091 in
1525 2049 1707 2102 patriam
1737 2046 1984 2104 aufugisset
2012 2046 2094 2099 (cf.
2129 2046 2270 2089 schol.
2301 2045 2356 2088 ad
2375 2047 2450 2088 Ar.
2473 2047 2585 2089 Plut.

326 2125 455 2178 290.)
508 2136 681 2165 carmen
729 2125 990 2179 composuit,
1036 2125 1106 2166 cui
1143 2138 1298 2168 nomen
1336 2133 1428 2168 erat
1468 2125 1665 2182 Cyclopi,
1718 2137 1802 2181 quo
1841 2130 2069 2181 tyranuum
2109 2125 2428 2181 perstringeret.
2486 2125 2587 2168 Jam

327 2216 458 2259 quum
497 2203 737 2258 Dionysius
784 2203 827 2244 iu
874 2202 960 2245 hoc
998 2203 1188 2245 carmine
1225 2203 1451 2260 Cyclopis,
1491 2204 1588 2259 ipse
1626 2203 1768 2247 Ulixis
1806 2215 2035 2258 personam
2078 2209 2243 2260 ageret,
2288 2201 2402 2258 quod
2441 2210 2589 2259 aperte

326 2289 511 2325 testatur
524 2281 625 2324 Ath.
659 2282 686 2322 l.
719 2293 771 2334 c.,
803 2281 896 2323 fleri
925 2296 1011 2324 non
1039 2289 1224 2337 poterat,
1254 2283 1340 2324 etsi
1370 2282 1425 2324 de
1455 2283 1539 2326 hac
1567 2297 1615 2326 re
1629 2283 1731 2325 nihil
1746 2289 2009 2337 compertum
2023 2281 2248 2337 habemus,
2279 2282 2380 2337 quin
2398 2283 2589 2339 vestigia

324 2362 504 2403 Homeri
534 2367 788 2416 sequeretur
815 2361 1091 2417 fabulamque
1121 2360 1175 2404 de
1206 2360 1418 2418 Cyclope,
1463 2360 1678 2418 quomodo
1708 2363 1762 2403 ab
1794 2362 1867 2404 illo
1896 2366 1992 2403 erat
2020 2366 2201 2412 narrata,
2231 2360 2276 2402 in
2304 2372 2431 2403 usum
2462 2373 2588 2403 suum

328 2426 622 2484 converteret.⁴
671 2439 774 2482 Fuit
810 2441 923 2483 enim
961 2448 1007 2484 et
1046 2443 1143 2497 ipse
1172 2454 1200 2483 a
1229 2442 1440 2498 Dionysio
1480 2443 1748 2496 hospitaliter
1778 2447 2004 2497 exceptus,
2050 2441 2103 2483 ab
2135 2439 2304 2495 eodem,
2321 2451 2464 2496 'quum
2496 2442 2588 2496 pri-

326 2527 459 2563 vatus
492 2521 618 2562 oculo
650 2521 679 2562 i.
717 2535 754 2562 e.
785 2528 929 2563 amata
958 2523 1002 2564 in
1032 2523 1173 2576 ipsum
1204 2523 1378 2563 saevire
1408 2522 1643 2575 coepisset,
1674 2528 1856 2563 coactus
1887 2527 1973 2574 est,
2002 2526 2050 2561 ut
2079 2519 2318 2577 aufugeret.
2354 2520 2454 2561 Jam
2476 2519 2588 2575 apud

326 2601 456 2643 Hom.
474 2599 554 2642 od.
573 2600 650 2652 lx,
680 2600 779 2642 395.
810 2601 996 2656 legimus
1013 2601 1254 2657 Cyclopem
1276 2607 1557 2642 excaecatum
1590 2597 1855 2660 σμερδαλέον
1873 2597 1973 2658 μέγ’
1989 2592 2188 2655 οἰμῶξαι.
2220 2611 2305 2655 qua
2319 2612 2364 2640 re
2381 2600 2587 2655 perterriti

327 2680 481 2723 Ulixes
511 2680 710 2733 sociique
735 2675 999 2722 ἅπέσσυντο.
1061 2680 1131 2722 Ad
1158 2693 1270 2735 quae
1297 2681 1336 2721 si
1353 2682 1549 2734 respexit
1563 2681 1847 2731 Philoxenus,
1864 2681 2164 2734 poterat'saue
2183 2677 2328 2720 dicere
2347 2691 2400 2720 se
2419 2691 2590 2734 quoque

329 2750 474 2815 ὦρυγῆ
514 2757 727 2813 Cyclopis
767 2757 1031 2814 τιναχθῆναι
1060 2759 1087 2799 i.
1120 2772 1157 2800 e.
1197 2758 1398 2812 Dionysii
1441 2760 1629 2800 clamore
1670 2771 1751 2801 seu
1788 2758 1916 2800 minis
1957 2767 2218 2799 concussum
2250 2763 2294 2798 et
2322 2758 2589 2812 perterritum

327 2850 446 2879 esse.
504 2836 648 2878 Posse
677 2843 824 2879 autem
853 2838 1112 2879 vocabulum
1142 2828 1289 2893 ὦρυγή
1329 2838 1460 2879 etiam
1491 2837 1548 2879 de
1571 2837 1833 2880 ‘hominibus
1871 2837 2084 2891 usurpari,
2130 2847 2215 2876 non
2245 2842 2315 2878 est
2344 2848 2421 2878 cur
2449 2850 2590 2895 nege-

325 2929 440 2968 mus,
480 2928 578 2958 cum
614 2915 747 2957 verbo
789 2906 1005 2969 ὧρύεσθαι
1040 2914 1298 2957 ita.Graeci
1337 2918 1407 2957 usi
1445 2918 1535 2958 sint
1575 2917 1633 2958 cf.
1664 2919 1768 2958 Her.
1802 2918 1873 2967 m,
1908 2916 2017 2958 1¹7:
2056 2913 2197 2965 βοῶσι
2228 2908 2461 2971 ὠρυόμενοι
2492 2918 2520 2958 i.
2551 2931 2589 2957 e.

326 2995 494 3053 ingenti
533 2994 719 3036 clamore
760 2995 924 3036 ululant
933 3009 946 3048 ;
990 2993 1144 3050 fragm.
1180 2995 1289 3036 Plat.
1331 2996 1487 3037 comici
1524 2994 1640 3051 apud
1680 2995 1782 3037 Ath.
1812 2995 1933 3037 XIV.
1964 2994 2066 3037 628.
2106 2995 2157 3036 E.
2203 2987 2369 3051 στάδην
2398 2991 2591 3041 ἑστῶτες

325 3068 540 3132 ὦρύονται
571 3075 599 3114 i.
631 3087 669 3115 e.
700 3073 964 3115 inconditum
994 3072 1128 3115 edunt
1156 3075 1400 3137 clamorem.
1462 3075 1528 3116 Eo
1561 3082 1710 3116 autem
1740 3076 1969 3130 aptissime
1998 3074 2096 3127 quis
2125 3073 2280 3115 dicitur
2308 3072 2589 3129 τιναχθῆναι.

330 3162 380 3196 ut
410 3159 592 3210 apparet
623 3165 679 3193 ex
707 3153 847 3207 Apoll.
885 3151 1031 3195 Rhod-
1070 3152 1148 3207 lV,
1186 3152 1294 3195 639:
1335 3149 1473 3208 φόβῳ
1517 3149 1552 3194 δ’
1594 3148 1830 3211 ἐτίναχθεν
1869 3149 2016 3208 αὐτῆς
2056 3151 2144 3205 (sc.
2180 3152 2391 3206 Juuonis]
2429 3145 2593 3197 πάντες

330 3230 462 3289 ὁμῶς.
524 3233 680 3287 ltaque
695 3232 1015 3275 Hermesiauax
1034 3231 1321 3274 Philoxenum
1353 3233 1540 3273 clamore
1559 3232 1769 3288 Cyclopis
1789 3234 1815 3273 i.
1837 3246 1875 3274 e.
1908 3230 2108 3286 Dionysii
2138 3244 2194 3273 ex
2223 3236 2346 3273 antro
2377 3228 2485 3284 ejus*
2504 3232 2531 3273 i.
2552 3245 2591 3273 e.

325 3312 564 3367 Syracusis
584 3313 816 3367 expulsum
845 3324 922 3365 per
940 3310 1240 3367 Colophonem
1273 3311 1455 3353 venisse
1484 3311 1545 3352 ita
1573 3310 1710 3366 finxit,
1740 3316 1790 3353 ut
1817 3322 1872 3353 ea
1902 3310 2000 3365 ipsa
2027 3311 2162 3353 verba
2179 3301 2338 3366 -eiaepv‘yfi
2361 3307 2592 3366 τιναχθείς
