2920 3800
1305 231 1617 281 ...2-

328 364 584 422 explicando
615 366 965 419 elaboraverunt,
1006 366 1129 409 multi
1168 373 1311 410 tamen
1341 352 1483 411 adhuc
1510 369 1555 410 in
1586 380 1638 409 eo
1668 368 1753 411 loci
1782 352 1960 420 restant,
1990 368 2064 423 qui
2092 367 2274 426 intelligi
2305 376 2520 423 nequeunt
2551 376 2595 412 et

325 444 540 488 medelam
578 457 696 488 nunc
734 456 904 502 quoque
940 446 1173 502 requirunt.
1231 446 1388 502 Neque
1425 446 1512 489 hoc
1540 447 1714 501 mirum3
1745 457 1845 489 nam
1874 445 2090 489 Athenaei
2118 446 2213 489 libri
2241 428 2520 502 manuscripti
2549 454 2594 490 et

327 523 584 567 recentioris
619 524 784 567 aetatis
823 530 926 567 sunt
963 531 1008 567 et
1046 526 1276 568 maximam
1313 531 1479 579 partem
1522 523 1651 567 foede
1680 525 1868 579 corrupti
1895 524 2175 580 plurimisque
2203 525 2323 567 vitiis
2354 526 2592 579 conspersi.

326 601 520 644 Accedit
546 601 662 658 quod
675 603 994 653 Hennesianax
1015 603 1175 645 multas
1203 617 1276 646 res
1306 610 1462 654 narrat,
1493 616 1607 658 quae
1635 603 1762 647 nobis
1792 609 2102 667 prorsus-sunt
2126 603 2353 655 obscurae,
2382 603 2493 645 alias
2514 617 2592 657 pro

327 682 511 724 consilio
542 694 624 725 suo
652 682 851 734 mutavit,
881 682 990 724 alias
1019 694 1198 736 prorsus
1229 682 1400 724 videtur
1428 682 1629 737 finxisse,
1656 690 1705 725 ut
1723 681 1968 736 explicandi
1986 683 2186 724 carminis
2203 680 2438 724 difficultas
2456 694 2593 736 saepe

326 775 412 801 non
452 761 589 801 minor
618 761 693 812 sit,
733 773 861 813 quam
900 760 1154 814 corrigendi.
1214 762 1415 814 Denique
1454 763 1497 801 in
1537 762 1634 812 ipsa
1674 760 1863 802 dictione
1899 761 2037 801 multa
2065 762 2245 801 novavit
2273 773 2328 801 ac
2356 774 2493 815 saepe
2521 761 2592 802 di-

324 838 454 881 cendi
490 839 658 880 ratione
695 852 804 881 usus
845 845 935 891 est,
976 851 1090 893 quae
1119 839 1173 880 'ab
1204 840 1446 881 Atticorum
1485 852 1570 880 usu
1611 838 1787 881 recedit.
1847 839 1998 893 ltaque
2026 839 2189 882 factum
2219 847 2303 892 est,
2332 847 2382 881 ut
2409 841 2507 894 ipse
2537 838 2591 882 G.

320 918 598 960 Hermannus
627 919 764 960 multa
791 919 954 960 incerta
983 918 1257 972 relinqueret.
1316 916 1427 970 Quis
1458 924 1603 959 autem
1635 924 1781 971 speret
1810 930 1862 958 se
1891 917 1946 958 iis
1972 929 2111 971 posse
2140 917 2314 971 mederi,
2353 919 2409 960 de
2437 904 2593 973 (fluibus

321 997 397 1038 ille
425 991 757 1050 desperaverit?
792 995 1087 1038 Nihilominus
1117 1003 1276 1047 tamen,
1306 997 1408 1038 licet
1437 1009 1573 1050 parva
1603 1003 1725 1038 esset
1753 1008 1862 1048 spes
1892 1007 2148 1049 successus,
2177 997 2331 1039 iterum
2349 995 2453 1038 illud
2469 997 2593 1053 frag-

322 1080 514 1117 mentum
554 1074 762 1116 constitui
800 1080 1011 1127 tractare,
1052 1074 1193 1117 satius
1232 1081 1376 1116 tamen
1415 1087 1469 1115 ac
1509 1075 1644 1116 tutius
1684 1074 1828 1115 visum
1865 1079 1937 1115 est
1943 1102 1959 1125 ‚
1998 1086 2055 1116 ex
2086 1073 2372 1128 conjecturis,
2405 1064 2517 1128 quas
2546 1082 2591 1116 et

324 1151 514 1193 editores
553 1151 755 1193 carminis
786 1158 830 1192 et
859 1151 933 1193 alii
962 1153 1045 1193 viri
1074 1152 1191 1194 docti
1221 1155 1386 1206 passim
1415 1153 1693 1206 protulerunt,
1731 1151 2097 1195 memorabiliores
2132 1152 2358 1210 diligenter
2387 1153 2592 1209 colligere

323 1237 370 1272 et
396 1242 473 1285 pro
503 1230 670 1272 viribus
698 1230 812 1272 meis
842 1231 1090 1271 examinare
1121 1243 1316 1286 quaeque
1346 1243 1445 1272 cum
1475 1232 1619 1286 aliqua
1647 1230 1949 1285 probabilitate
1978 1230 2033 1273 ab
2064 1232 2161 1272 aliis
2193 1229 2422 1272 emendata
2441 1236 2594 1272 esseut

320 1307 550 1361 adnotare,
600 1321 729 1365 quam
768 1308 1112 1365 conjecturarum
1151 1323 1374 1353 numerum
1413 1317 1574 1351 temere
1619 1322 1779 1367 augere
1819 1315 1863 1351 et
1891 1310 1935 1351 in
1965 1309 2172 1352 sanandis
2203 1310 2273 1363 iis,
2304 1321 2417 1365 quae
2446 1309 2591 1350 sanari

322 1402 410 1432 non
439 1394 643 1444 possunt,
671 1389 843 1430 inanem
872 1389 1087 1430 collocare
1115 1396 1306 1443 operam.
1956 1419 1974 1445 ο
2005 1440 2021 1449 ,

465 1489 468 1492 -
496 1468 602 1519 Iam,
632 1472 681 1508 ut
710 1465 765 1508 ad
794 1467 937 1521 ipsum
967 1478 1140 1508 carmen
1172 1474 1413 1521 transeam,
1444 1468 1762 1509 Hermesisnax
1791 1469 1940 1510 statim
1968 1468 2089 1510 initio
2118 1468 2162 1509 in
2191 1468 2246 1509 iis
2278 1479 2390 1522 quse
2419 1466 2473 1508 de
2504 1467 2592 1509 Or-

316 1546 432 1600 pheo
459 1545 605 1599 tradit,
633 1557 662 1586 a
691 1546 934 1599 narratione
961 1546 1217 1601 reliquorum
1249 1549 1507 1602 scriptorum
1538 1531 1715 1598 recedit,
1745 1548 1870 1590 solus
1887 1548 2002 1589 euim
2026 1560 2075 1590 ¹v.
2108 1547 2148 1589 1.
2179 1546 2249 1589 1⁴.
2296 1546 2513 1600 Orpheum
2544 1560 2590 1587 re

321 1634 426 1665 vera
442 1636 499 1665 ex
514 1622 666 1665 interis
693 1622 924 1666 reduxisse
951 1635 1132 1666 uxorem
1147 1624 1268 1679 dicit,
1299 1626 1369 1666 cui
1385 1625 1562 1668 v.2.¹4.
1601 1626 1820 1682 Agr-iopes
1850 1638 2006 1667 nomen
2035 1625 2155 1667 indit.
2194 1623 2389 1667 Offeudit
2417 1622 2589 1678 quidem

318 1702 364 1742 in
399 1713 453 1743 eo
482 1699 641 1758 Zoega
676 1701 976 1744 bassi-relievi
1005 1703 1041 1743 Ι.
1068 1715 1112 1758 p.
1146 1703 1244 1746 199.
1283 1715 1447 1759 proque
1485 1716 1539 1745 eo
1578 1710 1783 1760 tanquam
1820 1704 1977 1746 mitius
2007 1715 2166 1745 nomen
2201 1701 2446 1757 ponendum
2486 1713 2590 1743 esse

319 1780 492 1823 censuit
517 1775 742 1836 ’Δργιόπψ
779 1791 866 1834 quo
897 1779 1058 1823 claram
1088 1788 1133 1823 et
1167 1794 1371 1824 sonoram
1399 1794 1557 1824 vocem
1595 1783 1831 1839 significari
1860 1787 2006 1835 putat3
2044 1787 2089 1822 at
2120 1781 2246 1832 haec,
2277 1792 2404 1834 quam
2434 1780 2589 1836 Zoegs

316 1857 434 1910 dicit,
465 1858 584 1900 notio
613 1871 702 1899 non
729 1858 848 1899 inest
874 1858 941 1909 inf
950 1858 1168 1913 adjectivo
1197 1855 1349 1915 ἀργός.
1408 1860 1564 1914 Neque
1602 1860 1714 1902 haec
1743 1861 1921 1916 mutatio
1953 1860 2128 1915 Bergkii
2159 1857 2451 1912 disputatione
2479 1871 2586 1911 pro-

318 1936 458 1989 batur,
495 1936 569 1992 qui
605 1926 1008 1979 Hemeeimactem
1045 1938 1280 1995 Argiopem
1320 1938 1551 1994 nympham
1590 1939 1633 1980 in
1674 1944 1820 1980 mente
1847 1936 2057 1980 hahuisse
2085 1937 2337 1991 suspicatus
2366 1942 2450 1988 est,
2480 1948 2592 1991 quae

317 2014 373 2056 ab
402 2013 698 2070 Appollodoro
729 2022 774 2057 et
801 2015 1024 2057 Pausania
1052 2029 1161 2057 uxor
1188 2017 1499 2059 Philammonis
1529 2024 1751 2072 materque
1767 2016 2042 2071 Thamyridis
2072 2015 2212 2057 fuisse
2229 2015 2396 2056 dicitur.
2439 2015 2592 2070 Itaque

318 2092 518 2135 codicum
547 2094 804 2148 scripturam
835 2105 1015 2136 servare
1042 2101 1249 2149 praestat.
1286 2094 1507 2148 Similiter,
1538 2102 1585 2137 ut
1614 2096 1700 2137 hoc
1728 2096 1877 2137 stetim
1897 2092 2064 2148 addam,
2094 2101 2224 2148 poeta
2243 2107 2287 2135 v.
2312 2093 2380 2136 16.
2418 2094 2591 2135 Musaei

318 2183 509 2224 uxorem,
539 2171 611 2214 cui
638 2172 774 2229 vulgo
804 2172 974 2228 Deiope
1002 2185 1160 2216 nomen
1191 2179 1274 2225 est,
1304 2173 1536 2227 Antiopam
1565 2173 1770 2225 nominat,
1802 2173 1900 2227 quis
1929 2180 2075 2216 autem
2105 2184 2203 2214 eum
2233 2172 2289 2215 de
2304 2177 2441 2214 matre
2458 2171 2592 2213 Zethi

319 2249 663 2305 Amphionisque
693 2251 922 2308 cogitasse
951 2251 1253 2294 arbitrabitur?

492 2340 537 2369 v.
567 2329 610 2370 8.
649 2335 769 2371 recte
805 2342 958 2372 omnes
997 2331 1091 2373 fere
1130 2331 1320 2374 editores
1373 2331 1520 2386 optimi
1557 2330 1722 2373 codicis
1760 2331 1814 2372 A.
1856 2331 2111 2385 scripturam
2162 2323 2346 2387 κιθάρην
2386 2330 2591 2372 intactam

314 2408 581 2463 reliquerunt
625 2418 810 2464 cumque
855 2409 940 2452 hac
984 2422 1099 2452 voce
1143 2410 1409 2466 adjectivum
1457 2408 1660 2468 Θρῇσσαν
1707 2408 2034 2464 conjunxerunt.
2110 2404 2388 2450 Στείλασθαι
2445 2414 2589 2450 autem

320 2481 506 2544 κιθάρην
534 2487 563 2528 i.
595 2500 634 2529 e.
650 2499 708 2528 ex
736 2488 1087 2542 interpretatione
1116 2489 1550 2546 Schweighaeuseri:
1581 2489 1838 2529 instructum
1869 2499 1976 2529 esse
2005 2488 2182 2538 cithara,
2213 2500 2290 2530 cur
2319 2498 2478 2544 graece
2506 2486 2591 2527 dici

319 2577 404 2607 nen
450 2566 619 2621 possit,
658 2571 706 2608 ut
745 2564 958 2608 Cobetius
996 2567 1239 2621 contendit,
1280 2580 1364 2609 non
1399 2565 1542 2609 video.
1600 2566 1714 2608 Nam
1761 2561 2022 2608 στείλασθαι
2062 2560 2266 2611 πέπλους
2303 2565 2511 2620 reperitur
2547 2566 2591 2606 in

318 2644 462 2699 Eur-ip.
493 2644 658 2687 Bacch.
688 2643 774 2685 821
807 2642 876 2685 ed.
905 2644 1105 2698 Nauck.;
1134 2656 1261 2699 quem
1292 2644 1465 2686 dicendi
1494 2657 1622 2686 usum
1651 2644 1823 2686 videtur
1850 2645 2169 2687 Hermesianax
2198 2645 2465 2699 respexisse.

491 2721 610 2777 ιβ.
641 2723 685 2764 in
716 2722 838 2765 libris
868 2727 938 2765 est
967 2717 1151 2765 ἀπειθέα
1178 2719 1354 2779 χῶρον,
1386 2722 1501 2778 quod
1532 2721 1725 2766 defendit
1754 2722 1984 2780 Bergkius,
2015 2728 2169 2779 argute
2201 2721 2360 2765 Orcum
2389 2722 2590 2764 inexora-

319 2796 451 2843 bilem
481 2800 566 2844 dici
595 2800 879 2845 contendens.
940 2799 1079 2843 Recte
1109 2806 1254 2843 autem
1284 2801 1559 2845 Hermannus
1589 2800 1902 2856 animadvertit,
1933 2813 2020 2845 non
2049 2812 2186 2857 posse
2213 2800 2299 2844 hoc
2327 2799 2590 2856 adjectivum

318 2879 420 2922 ferri
459 2880 735 2938 conjunctum
775 2893 875 2924 cum
914 2880 1129 2923 vocabulo
1169 2878 1326 2939 χῶρος
1363 2882 1630 2937 multumque
1674 2883 1913 2940 interesse,
1953 2878 2109 2940 χῶρος
2147 2893 2202 2924 an
2227 2873 2387 2938 ’Ἅιδης
2423 2879 2591 2922 dicatur

320 2955 523 3016 ἀπαθής.
581 2961 681 3002 Nec
708 2967 857 3014 potest
895 2959 951 3002 nd
992 2958 1306 3003 defendendam
1343 2961 1471 3003 istam
1511 2961 1843 3014 explicationem
1885 2960 2029 3003 afferri
2057 2974 2101 3002 v.
2135 2960 2206 3016 13,
2244 2973 2375 3016 quum
2403 2970 2589 3016 magnos

317 3037 518 3082 donninos
547 3038 684 3082 lenire
711 3039 841 3083 facile
870 3041 970 3097 quis
1001 3040 1159 3095 possit,
1187 3040 1330 3082 locum
1359 3040 1477 3083 nullo
1506 3039 1650 3082 modo.
1710 3040 1801 3082 Iam
1825 3041 2098 3082 Hermannus
2113 3038 2301 3095 conjecit
2315 3036 2590 3082 scribendum

320 3130 427 3160 esse
465 3114 688 3166 ἀπευθέα,
737 3132 822 3174 quo
857 3121 984 3163 locus
1021 3119 1334 3177 significaretur
1372 3120 1471 3162 sive
1508 3118 1757 3176 ignorabilis
1787 3119 1885 3161 sive
1914 3131 1971 3160 ex
2000 3130 2086 3174 quo
2115 3119 2233 3161 nulla
2260 3118 2428 3160 veniret
2458 3115 2588 3157 fama.

318 3196 510 3253 Egregia
561 3210 672 3240 sane
703 3197 947 3241 emendatio
986 3199 1300 3252 lenissimaque
1335 3199 1574 3240 mutatione
1612 3195 1791 3249 effects3
1839 3203 2005 3249 tamen,
2040 3209 2174 3251 quum
2211 3195 2491 3241 manifestum
2531 3194 2590 3235 sit

318 3282 492 3329 poeta·
522 3278 720 3319 voluisse
750 3284 936 3319 terrores
952 3276 1054 3320 Orci
1085 3276 1469 3333 difficultatemque
1497 3276 1642 3319 aditus
1671 3275 1933 3332 significare,
1961 3275 2139 3330 Hauptii
2158 3274 2447 3330 conjecturam
2463 3284 2588 3327 prae-
